3109 5142
1230 390 1644 456 ...13...

394 563 476 633 A.
521 565 727 650 Atque
788 567 963 650 prius
1026 566 1280 651 quidem
1339 566 1421 634 (16
1462 566 1748 634 Rohdii
1808 565 2098 650 opinione
2140 604 2220 615 -
2261 565 2420 634 haec
2484 567 2650 636 enim

228 676 571 760 disputatio
611 679 803 745 rebus
841 678 1122 760 proxime
1164 678 1667 747 commemoratis
1712 676 2118 743 continuatur
2162 683 2229 743 et
2262 676 2554 758 ,iungitur
2569 712 2651 725 —-

229 783 537 851 disseram
571 786 833 869 jamque
871 784 989 850 hoc
1028 786 1164 851 1666
1207 805 1290 851 ex
1342 790 1548 867 parte,
1613 784 1822 867 quoad
1883 783 2136 866 quidem
2195 783 2322 848 erit
2371 800 2651 863 necesse,

230 909 433 956 meam
502 891 582 957 de
636 892 1036 958 Philostratis
1099 892 1482 957 sententiam
1542 891 1794 959 iniciam
1817 941 1834 971 ,
1899 889 2070 955 unde
2128 894 2454 970 appareat,
2524 907 2646 955 non

226 974 477 1080 semper
538 1003 722 1064 recta
781 998 1132 1081 suspicatos
1198 1017 1338 1064 6886
1403 997 1548 1064 11168
1590 997 1776 1077 viros,
1842 997 2125 1079 quamvis
2188 1014 2419 1077 magna
2464 1013 2652 1061 vene-

225 1105 468 1171 ratione
507 1106 870 1188 ceteroquin
911 1105 1348 1188 prosequenda
1392 1106 1478 1171 sit
1519 1122 1739 1171 eorum
1780 1103 2107 1186 sapientia.

391 1231 678 1300 Antehac
730 1240 946 1301 tamen
999 1234 1187 1300 velim
1244 1234 1397 1301 mihi
1449 1235 1640 1301 liceat
1694 1234 2056 1301 testimonia
2115 1232 2444 1298 Menandri
2500 1232 2643 1299 rhe-

226 1340 382 1406 toris
425 1346 492 1406 et
531 1341 703 1407 illius
745 1342 1038 1425 anonymi
1082 1342 1515 1424 epitomatoris
1567 1342 1690 1408 huc
1732 1340 2120 1424 pertinentia
2175 1337 2651 1419 transscribere,

226 1464 349 1527 quo
380 1445 635 1513 facilius
670 1448 943 1531 judicari
984 1449 1182 1530 possit
1226 1449 1307 1514 de
1347 1448 1575 1516 Rohdii
1616 1449 1951 1515 sententia.
2029 1450 2183 1530 Atq
2205 1466 2240 1510 u
2260 1465 2295 1511 e
2339 1447 2651 1512 Menan-

225 1551 368 1617 der
429 1553 711 1619 rhetor
772 1553 964 1620 haec
1027 1560 1577 1622 commemorat
1598 1557 1669 1638 ¹).
1744 1551 1920 1621 ’AM’
1989 1552 2150 1621 ὅταν
2223 1549 2652 1640 ἁπλουστέρα

231 1654 296 1742 (ἦ
341 1653 724 1744 ἐξαγγελία)
781 1659 1071 1752 τυγχάνῃ
1125 1666 1238 1726 καὶ
1294 1657 1740 1750 ἆφελεστέρα,
1799 1661 1912 1728 οἵα
1965 1656 1999 1744 ἦ
2040 1661 2476 1745 Ξενοφῶντος
2532 1667 2646 1727 καὶ

231 1763 690 1851 Νικοστράτου
732 1771 846 1831 καὶ
885 1772 1140 1843 Δίωνος
1183 1774 1301 1836 τοῦ
1343 1766 1832 1853 Χρυσοστόμου
1877 1771 1991 1832 καὶ
2025 1766 2491 1852 Φιλοστράτου
2536 1776 2654 1835 τοῦ

225 1868 361 1934 τῶν
384 1867 722 1958 “Ηρωικῶν
763 1872 881 1959 την
919 1870 1230 1959 ἐξήγησιν
1264 1878 1378 1939 καὶ
1423 1872 1544 1950 τάς
1586 1873 1874 1950 Εἰκόνας
1916 1871 2327 1963 γράψαντος.

392 2003 762 2068 Alterum
822 2003 1371 2069 testimonium
1434 2003 1578 2070 1166
1643 2005 1884 2081 est²):
1954 2001 2210 2068 Τούτου
2270 2003 2387 2069 τοῦ
2449 2005 2652 2070 Φιλο-

228 2107 519 2194 στράτου
583 2104 797 2174 ἔοικεν
859 2104 1035 2174 εἶναι
1097 2113 1210 2173 καὶ
1276 2107 1358 2173 τά
1418 2106 1487 2186 ἐς
1542 2107 1659 2175 τὸν
1719 2112 1987 2174 Τυανέα
2038 2104 2518 2174 Ἀπολλώνιον·
2582 2106 2657 2176 ἐν

227 2212 439 2304 τούτῳ
493 2212 623 2302 γάρ
680 2218 768 2302 τῷ
823 2216 1059 2303 βιβλίῳ
1123 2219 1451 2299 μέμνηται
1507 2223 1642 2279 τῶν
1699 2213 1795 2292 εἰς
1856 2218 1971 2281 τὸν
2028 2219 2295 2280 Τυανέα
2354 2210 2391 2280 ὃ
2448 2215 2654 2282 Φιλό-

231 2338 544 2407 στρατος·
609 2318 848 2385 τούτου
912 2326 1275 2406 φαίνονται
1343 2317 1518 2415 εἶναι
1585 2325 1698 2386 καὶ
1762 2320 1836 2386 αὶ
1898 2316 2208 2406 ἐρωτικαὶ
2274 2316 2656 2388 ἐπιστολαί.

235 2425 373 2490 Τοῦ
438 2424 515 2491 δὲ
582 2430 888 2509 Λημνίου
958 2424 1446 2511 Φιλοστράτου,
1516 2428 1639 2491 τοῖ’
1700 2425 1819 2503 τάς
1884 2425 2169 2502 Εἰκόνας
2240 2425 2656 2516 γράψαντος,

226 2534 553 2615 μέμνηται
599 2522 798 2606 οὗτος
840 2525 915 2595 ἕν
956 2528 1167 2620 τούτῳ
1212 2537 1300 2619 τῷ
1341 2532 1578 2621 βιβλίῳ
1624 2529 1929 2597 ἐπαινῶν
1971 2529 2088 2596 τὸν
2132 2527 2371 2619 ἄνδρα.

392 2658 550 2725 Mihi
591 2660 845 2742 quidem
888 2657 1237 2725 Menander
1277 2660 1498 2726 rhetor
1539 2661 1665 2727 illis
1709 2659 1918 2727 verbis
1962 2661 2278 2742 Imagines
2315 2660 2652 2743 priores,

230 2769 303 2831 ut
347 2769 497 2830 sunt
539 2770 681 2830 arte
719 2763 1111 2846 insigniores,
1154 2783 1677 2832 commemorasse
1706 2765 1993 2847 videtur3
2037 2785 2242 2848 neque
2285 2765 2453 2831 enim
2494 2773 2654 2846 erat,

226 2890 339 2937 cur
383 2870 897 2937 discernerentur
939 2872 1292 2954 „Imagines
1334 2872 1617 2954 priores“
1668 2873 1784 2939 hoc
1824 2873 1960 2940 loco
2016 2891 2055 2938 a
2107 2871 2654 2954 „posterioribus“,

227 2978 459 3061 quippe
502 2994 644 3043 cum
686 2976 833 3042 illae
876 2994 1003 3042 una
1057 2995 1198 3044 cum
1243 2977 1514 3044 Heroico
1575 2977 1973 3045 afferrentur.
2060 2977 2378 3060 Imagines
2438 2981 2653 3044 autem

222 3084 557 3166 priores
623 3089 690 3149 et
744 3083 1084 3149 Heroicum
1137 3084 1423 3165 separari
1477 3103 1604 3150 non
1658 3087 1864 3166 posse,
1929 3086 2118 3167 paulo
2178 3082 2341 3149 infra
2398 3083 2653 3149 demon-

224 3188 463 3256 strabo.

390 3321 608 3402 Aeque
669 3337 1047 3401 anonymum
1110 3318 1287 3385 illum
1353 3320 1838 3402 epitomatorem
1881 3320 2232 3403 Imaginum
2295 3321 2655 3402 priorum

224 3425 378 3508 (non
429 3424 876 3508 posteriorum)
935 3425 1319 3491 mentionem
1370 3425 1600 3492 fecisse
1661 3426 1969 3492 existimo.
2057 3426 2215 3490 Nam
2269 3428 2657 3508 posteriores

222 3533 556 3615 Imagines,
600 3532 657 3599 si
697 3540 1221 3600 commemoratas
1266 3534 1592 3615 voluisset,
1635 3534 1812 3600 illum
1858 3533 2164 3616 ejusmodi
2204 3540 2417 3601 notam
2462 3550 2654 3614 appo-

221 3638 494 3705 siturum
556 3638 752 3704 fuisse
802 3638 1042 3706 verbis:
1107 3639 1274 3719 „voi'
1340 3639 1461 3717 τάς
1509 3638 1797 3718 Εἰκόνας
1864 3639 2307 3732 γράψαντος“
2365 3638 2656 3721 equidem

222 3744 379 3811 mihi
405 3745 710 3827 persuasi.
779 3745 944 3825 Quid
984 3746 1170 3827 plura
1187 3749 1217 3811 ‘?
1258 3752 1375 3814 aut
1419 3746 1741 3830 „priores“
1783 3746 1951 3814 solas
1979 3751 2247 3814 noverat
2278 3747 2657 3828 epitomator

220 3851 353 3937 ille,
399 3856 513 3917 aut
541 3856 884 3934 utrumque
912 3870 1069 3934 opus
1097 3854 1190 3919 ita
1221 3854 1279 3919 ei
1322 3858 1540 3920 notum
1588 3858 1752 3934 erat,
1795 3860 1871 3921 ut
1913 3854 2230 3944 Imagines
2273 3853 2656 3935 posteriores

220 3980 347 4027 non
389 3961 614 4043 dignas
656 3980 797 4028 esse
837 3966 1114 4044 putaret,
1160 3968 1424 4046 propter
1466 3980 1626 4045 quas
1655 3961 2040 4043 Imaginibus
2081 3981 2123 4044 p
2141 3959 2495 4028 rioribus
2535 3958 2655 4031 hoc

221 4067 621 4151 apertissime
661 4068 1152 4151 planissimeque
1194 4068 1605 4135 adscriberet.

368 4313 423 4378 1)
459 4311 627 4367 Bhet.
668 4313 864 4368 Graec.
901 4314 967 4368 T.
1007 4313 1112 4368 III.
1148 4331 1202 4383 p.
1241 4314 1348 4369 389
1385 4313 1495 4381 (ed.
1535 4312 1907 4385 Spengelius).

366 4407 424 4474 2)
461 4406 592 4462 Cod.
631 4407 801 4463 Vatic
853 4407 1122 4478 epitomes
1158 4408 1260 4463 vit.
1320 4409 1472 4479 soph.
1528 4409 1598 4464 cf.
1638 4408 1739 4464 vit.
1779 4409 1932 4483 soph.
1981 4409 2064 4464 ed.
2102 4409 2388 4485 Kayserus
2424 4405 2652 4471 Heidel-

220 4503 433 4574 bergas
470 4501 610 4558 1838
645 4517 778 4575 pag.
816 4501 1136 4562 XXXVIII.
