3109 5142
1345 406 1762 471 -49-

343 601 380 647 e
424 581 552 648 vita
592 582 796 666 Apoll.
841 588 907 650 et
949 585 1096 651 vitis
1159 584 1423 666 sophist.
1477 587 1716 668 petisse
1780 585 2033 653 videtur
2095 591 2289 670 atque
2353 605 2431 653 ea
2495 604 2618 653 non
2680 586 2774 652 ita

336 689 772 757 convenientia
811 689 1126 758 nonnullis
1168 690 1320 757 locis
1347 694 1417 773 ¹).

1500 961 1608 1029 VI.

334 1140 788 1218 Adstrictis
835 1141 1096 1237 igitur
1145 1141 1280 1218 his
1358 1143 1882 1236 argumentis
1943 1143 2196 1220 nixus
2257 1142 2432 1236 jam
2494 1163 2769 1219 meam

254 1342 259 1347 .
335 1262 436 1339 de
502 1263 1020 1361 singulorum
1089 1286 1434 1361 operum
1501 1261 1990 1341 auctoribus
2055 1264 2567 1343 sententiam
2628 1288 2766 1344 ex-

1417 1400 1748 1483 ponam.

502 1596 710 1677 Atque
751 1592 1091 1659 Heroicum
1140 1598 1206 1657 et
1244 1591 1560 1672 Imagines
1599 1589 1678 1656 ab
1734 1608 1859 1656 uno
1914 1591 2259 1674 eodemque
2303 1592 2583 1674 sophista
2628 1611 2766 1658 esse

330 1701 616 1768 confecta
669 1718 810 1766 cum
866 1697 1093 1764 Suidas
1135 1704 1271 1763 tum
1314 1697 1666 1763 Menander
1707 1696 1928 1763 rhetor
1970 1698 2155 1762 testis
2209 1703 2325 1764 est.
2412 1699 2501 1766 At
2542 1698 2768 1779 Imagi-

329 1827 443 1874 nes
484 1808 634 1873 illae
678 1812 894 1872 utrum
936 1805 1178 1888 priores
1222 1823 1302 1869 an
1345 1804 1728 1886 posteriores
1749 1809 1988 1868 essent
2029 1803 2516 1886 intellegendae,
2561 1804 2768 1871 adhuc

326 1916 391 1980 in
437 1913 837 1980 contentione
885 1918 1027 1977 erat
1065 1911 1360 1993 positum.
1448 1910 1624 1988 Quae
1664 1928 1769 1974 res
1803 1910 1937 1992 jam
1979 1909 2067 1976 sit
2106 1915 2470 1992 transacta;
2513 1928 2658 1975 nam
2699 1911 2766 1977 in

326 2019 665 2086 refutanda
722 2018 946 2085 Rohdii
1001 2017 1321 2083 sententia
1393 2016 1550 2082 satis
1605 2015 2072 2082 demonstrasse
2128 2016 2279 2081 mihi
2336 2016 2556 2083 videor
2624 2035 2764 2082 cum

327 2146 412 2192 ex
477 2125 827 2192 rationibus
883 2130 1018 2190 tum
1060 2143 1095 2190 e
1137 2123 1380 2189 dicendi
1437 2141 1673 2205 genere
1733 2122 2017 2188 concludi
2079 2128 2145 2189 et
2201 2123 2338 2203 cogi
2390 2142 2573 2204 posse
2640 2142 2765 2189 non

329 2233 669 2299 Heroicum
715 2239 781 2298 et
826 2232 1140 2312 Imagines
1180 2231 1583 2312 posteriores,
1630 2228 1744 2295 sed
1785 2230 2122 2295 Heroicum
2163 2235 2229 2296 et
2257 2230 2570 2311 Imagines
2599 2230 2765 2312 prio·

325 2358 429 2405 res
474 2357 601 2404 una
645 2336 927 2420 ejusdem
970 2357 1110 2405 esse
1154 2335 1449 2402 auctoris.

476 2528 535 2598 1)
569 2527 687 2583 Hoc
724 2526 870 2582 idem
909 2525 1264 2582 consentiunt
1300 2525 1645 2581 summatim:
1723 2525 1784 2579 F.
1823 2525 1888 2580 G.
1928 2523 2191 2580 Welcker
2261 2526 2419 2595 („Ep.
2460 2525 2644 2594 cycl!
2684 2526 2764 2582 II.

330 2640 383 2692 Ρ.
422 2622 545 2692 204,
582 2640 636 2678 ιι.
676 2623 750 2692 8).
794 2651 851 2661 -
895 2621 966 2677 Κ.
1004 2618 1352 2675 Friederichs
1391 2619 1553 2688 („Die
1592 2617 2092 2675 Philostratischen
2129 2619 2349 2676 Bilder“
2389 2620 2547 2676 velut
2584 2637 2637 2691 Ρ.
2675 2620 2763 2691 53,

329 2717 567 2785 19-21;
606 2716 693 2787 54,
733 2716 938 2783 1-11;
996 2716 1115 2784 103,
1156 2713 1321 2780 1-4;
1377 2715 1499 2779 117,
1537 2713 1779 2782 29-32;
1832 2714 1954 2779 121,
1994 2714 2232 2783 12-16;
2286 2715 2407 2782 159,
2443 2732 2496 2770 ιι.
2538 2715 2601 2784 1;
2646 2717 2767 2785 177,

329 2814 400 2868 27
440 2853 454 2867 .
477 2852 490 2867 .
515 2830 556 2881 .;
592 2812 717 2881 201,
754 2812 789 2866 6
829 2850 844 2867 .
867 2850 881 2865 .
904 2811 958 2879 .).
1031 2809 1187 2864 Idem
1239 2808 1453 2877 (Jahrb.
1492 2808 1531 2862 f.
1571 2808 1744 2864 Class.
1783 2807 2057 2878 Philolog.
2095 2808 2165 2863 V.
2216 2808 2403 2879 Suppl.
2440 2810 2503 2865 B.
2551 2827 2604 2879 p.
2645 2810 2765 2875 149,

331 2909 398 2962 12
417 2948 433 2962 .
453 2925 497 2976 .;
539 2907 658 2977 180,
697 2905 949 2976 20-28).
990 2932 1051 2943 -
1093 2902 1408 2958 Fridericus
1426 2903 1583 2958 Matz
1620 2901 1761 2970 („De
1800 2901 2266 2958 Philostratorum
2305 2902 2362 2958 in
2387 2902 2764 2960 describendis

327 3000 677 3072 Imaginibus
731 3000 870 3055 fide“
930 2999 1087 3056 velut
1141 3014 1193 3066 Ρ.
1234 2996 1321 3062 72,
1361 2997 1537 3065 6...;
1599 2997 1687 3063 87,
1739 2996 1907 3064 1...;
1972 2997 2058 3066 92,
2108 2996 2314 3066 24...;
2381 2997 2501 3067 106,
2555 2999 2761 3065 18...;

332 3096 451 3163 112,
488 3096 556 3150 31
580 3139 593 3152 .
616 3138 630 3151 .
653 3118 698 3164 .;
737 3094 861 3161 135,
899 3095 933 3149 8
955 3135 968 3148 .
991 3135 1004 3148 .
1028 3112 1069 3161 .;
1112 3092 1230 3160 136,
1269 3091 1374 3145 22.
1399 3132 1409 3144 .
1433 3092 1486 3161 .).
1530 3121 1591 3130 -
1655 3092 1723 3146 A.
1766 3091 2085 3146 Kalkmann
2121 3090 2340 3159 (Rhein.
2378 3090 2519 3148 Mus.
2557 3093 2596 3147 f.
2633 3094 2761 3149 Phi-

328 3191 498 3263 lolog.
535 3191 688 3246 Neue
727 3190 902 3260 Folge
939 3188 1009 3242 37
1046 3205 1099 3257 p.
1138 3187 1261 3255 397,
1302 3186 1370 3240 13
1392 3226 1405 3240 .
1427 3227 1441 3240 .
1464 3205 1506 3254 .;
1561 3184 1685 3254 414,
1724 3186 1794 3240 23
1819 3227 1832 3241 .
1857 3227 1870 3239 .
1894 3187 1950 3255 .).
1990 3214 2052 3225 -
2094 3186 2284 3254 Neque
2321 3186 2617 3256 Brunnius,
2674 3188 2763 3244 vir

328 3284 700 3352 doctissimus,
746 3283 840 3352 qui
877 3301 913 3339 a
949 3281 1294 3337 Philostrato
1331 3295 1496 3338 veras
1534 3280 1761 3336 tabulas
1797 3295 1919 3337 esse
1957 3278 2269 3350 descriptas
2305 3280 2553 3337 affirmat
2589 3287 2760 3352 atque

326 3383 467 3437 bene
503 3379 774 3448 defendit,
811 3395 921 3434 non
957 3382 1148 3448 potest
1187 3375 1441 3432 confiteri
1478 3376 1638 3431 illam
1687 3377 1754 3432 de
1800 3375 2079 3431 Vulcania
2127 3375 2308 3431 insula
2358 3376 2758 3446 expositionem

326 3492 379 3544 Ρ.
416 3474 539 3542 365,
580 3475 615 3529 3
642 3516 653 3528 .
676 3514 690 3528 .
714 3515 726 3528 .
772 3473 1161 3529 subobscuram
1213 3487 1353 3527 esse.
1429 3471 1644 3543 (Jahrb.
1695 3469 1732 3525 f.
1785 3471 1956 3527 ClasS.
2006 3470 2277 3542 Philolog.
2317 3470 2416 3526 IV.
2468 3472 2654 3542 Suppl.
2693 3473 2757 3527 B.

323 3587 376 3640 Ρ.
418 3569 525 3624 295
560 3585 615 3625 n.
653 3570 728 3638 8).
780 3596 849 3611 -
905 3570 1096 3636 Aeque
1153 3583 1219 3622 ac
1266 3564 1547 3621 Brunnius
1604 3564 2059 3634 „Seminariorum
2113 3565 2617 3622 Vindobonensium
2673 3582 2759 3621 so-

325 3664 512 3719 dales“
553 3666 752 3718 tenent
787 3660 939 3717 illam
979 3659 1310 3716 Philostrati
1348 3659 1772 3729 pinacothecam
1810 3658 1951 3714 nihil
1989 3658 2161 3716 fuisse
2201 3658 2654 3727 commenticiam,
2695 3668 2757 3715 at

326 3760 502 3815 eidem
543 3758 849 3814 concedunt
885 3762 1102 3813 restare
1154 3755 1211 3811 in
1248 3755 1582 3811 Philostrati
1625 3753 1765 3809 libro
1802 3770 1912 3810 non
1949 3769 2129 3824 pauca
2168 3754 2400 3810 obscura
2435 3753 2755 3812 intellectu-

330 3870 434 3922 que
471 3852 743 3909 difficilia.
816 3850 1172 3921 (Philostrati
1211 3850 1435 3921 majoris
1471 3848 1774 3920 ImagineS,
1812 3849 1988 3918 praef.
2027 3866 2079 3918 Ρ.
2117 3848 2323 3915 XXVI,
2365 3849 2575 3920 15...).

468 3952 767 4005 Auctorem
811 3946 1153 4019 „Imaginum
1190 3945 1464 4017 priorum“
1508 3944 1760 4001 nonnihil
1800 3961 1830 4000 e
1875 3945 2296 4015 „Gymnastico“
2337 3945 2395 4001 in
2432 3960 2591 4000 suum
2632 3961 2761 4000 con-

326 4044 564 4104 vertisse
602 4059 737 4113 opus
811 4043 864 4098 J.
924 4042 960 4098 J
965 4042 1169 4097 iithner
1205 4040 1513 4097 rectissime
1551 4044 1740 4095 monet
1777 4039 1835 4094 in
1871 4055 1935 4095 eo
1972 4038 2131 4106 libro,
2189 4037 2283 4107 qui
2336 4040 2582 4107 „Eranos
2619 4039 2757 4094 Vin-

325 4138 681 4197 dobonensis“
724 4135 1048 4193 inscribitur
1085 4152 1218 4206 pag.
1257 4136 1378 4191 309.
1423 4163 1488 4175 -—
1526 4140 1578 4189 A
1614 4133 1974 4190 Philostratis
2018 4149 2127 4189 non
2157 4133 2330 4189 solum
2352 4134 2575 4204 singula
2594 4151 2757 4190 voca-

327 4235 462 4291 bula
516 4241 576 4291 et
612 4233 947 4300 locutiones,
1013 4234 1110 4288 sed
1161 4232 1335 4289 etiam
1379 4231 1528 4287 locos
1577 4230 1839 4298 quosdam
1889 4246 1921 4285 e
1968 4230 2332 4300 Xenophonte
2380 4244 2499 4286 esse
2550 4229 2758 4299 petitos

330 4344 603 4400 exponere
637 4327 744 4384 sibi
780 4327 1071 4397 proposuit
1125 4327 1180 4382 C.
1222 4327 1285 4381 B.
1332 4342 1443 4384 van
1493 4324 1772 4380 Wulfften
1818 4325 2019 4380 Palthe
2066 4323 2427 4394 (Dissertatio
2474 4323 2758 4380 litteraria

329 4422 619 4480 continens
655 4421 1070 4479 observationes
1107 4438 1339 4492 gramm.
1379 4426 1439 4477 et
1477 4418 1602 4475 crit.
1656 4419 1716 4474 in
1761 4419 2185 4489 Philostratum,
2238 4418 2437 4475 habita
2490 4418 2761 4489 imprimis

327 4518 482 4575 vitae
519 4517 800 4587 Apollonii
835 4515 1074 4585 ratione)
1113 4515 1185 4574 cf.
1221 4532 1351 4587 pag.
1392 4517 1454 4584 2;
1491 4515 1552 4582 53
1595 4514 1692 4581 193
1732 4516 1818 4570 23.

2299 4611 2336 4665 4
