3109 5142
1254 380 1667 475 ss-19-

240 558 527 623 novimus
572 548 694 623 106
737 558 878 640 (16)
924 555 1263 637 nonaginta
1303 560 1438 621 tum
1485 554 1680 621 fuisse
1724 573 1941 621 senem
1984 572 2308 634 annorum,
2351 575 2494 622 cum
2535 575 2679 623 con-

241 662 617 730 ficiebantur
658 662 828 728 vitae
887 663 1343 744 sophistarum
1415 661 1580 744 quod
1639 680 1781 727 cum
1836 662 2075 728 factum
2124 661 2210 727 sit
2263 663 2516 729 circiter
2568 681 2678 728 an-

241 789 394 837 num
438 769 735 835 CCXXX.
783 806 861 816 -
907 768 1224 835 Gordiano
1247 768 1300 853 ¹)
1343 770 1509 834 enim
1552 769 1700 834 anni
1743 768 2075 834 CCXXIX.
2109 768 2464 850 proconsuli
2505 769 2677 835 dedi—

242 884 427 942 catae
469 881 618 942 sunt
659 877 828 941 'vitae
870 875 1297 957 sophistarum
1343 908 1416 921 -
1465 881 1717 942 constat
1759 874 2049 940 Proclum
2105 893 2228 941 non
2272 881 2490 942 natum
2536 893 2676 941 esse

238 987 387 1065 post
424 1002 656 1049 annum
699 982 882 1049 CXL.
967 981 1251 1048 Indidem
1297 984 1417 1049 109
1460 984 1557 1064 (6)

1252 1108 1663 1191 Antipatrum

238 1219 666 1300 cognoscimus
706 1214 974 1284 LXVIII
1029 1236 1226 1284 annos
1275 1224 1496 1283 natum
1550 1216 1760 1282 inedia
1815 1222 2076 1298 propter
2127 1234 2346 1282 necem
2388 1217 2595 1284 Getae
2635 1238 2676 1284 a

235 1328 441 1392 fratre
483 1326 756 1391 Antonio
778 1324 1104 1391 Caracalla
1143 1328 1578 1406 perpetratam
1624 1341 1787 1388 anno
1818 1322 2062 1388 CCXII.
2106 1323 2298 1405 paulo
2338 1324 2675 1406 posthunc

238 1450 473 1497 annum
530 1430 906 1511 decessisse;
971 1429 1139 1495 unde
1174 1428 1378 1517 kfacile
1431 1428 1750 1509 colligitur
1806 1434 2026 1494 natum
2079 1447 2220 1495 esse
2268 1431 2675 1512 Antipatrum

238 1538 496 1604 circiter
562 1552 798 1602 annum
862 1536 1136 1602 CXLIII.
1220 1536 1475 1601 Tertius
1542 1534 1911 1601 Philostrati
1966 1535 2046 1600 II.
2108 1532 2405 1618 idemque
2469 1536 2673 1603 Philo-

236 1644 428 1711 strati
472 1643 584 1710 111.
630 1643 935 1724 magister
974 1642 1038 1707 in
1082 1641 1230 1708 vitis
1271 1641 1447 1723 soph.
1478 1644 1600 1707 116
1642 1640 1797 1725 (22),
1846 1646 1963 1707 117
2006 1641 2163 1725 (11),
2208 1644 2333 1709 120
2371 1644 2466 1726 (3)
2509 1662 2673 1710 com·

237 1756 626 1817 memoratur

1209 1877 1692 1960 Hippodromus‚

235 2006 427 2072 quem
466 1999 589 2053 non
633 1991 783 2052 ante
825 2003 1059 2052 annum
1100 1982 1375 2061 CXLIII.
1420 1984 1520 2050 vel
1545 1984 1666 2050 CL.
1712 1989 1934 2049 natum
1979 2002 2118 2050 esse
2162 2004 2236 2050 ex
2284 1985 2436 2052 locis
2478 2004 2671 2068 supra

123 2130 127 2135 ·
234 2092 421 2160 dictis
462 2092 873 2160 concluditur.

405 2198 579 2278 Quae
623 2217 764 2265 cum
809 2200 901 2265 ita
939 2197 1087 2278 sint,
1143 2199 1208 2264 in
1249 2198 1706 2265 Philostratum
1752 2191 1829 2262 II.
1874 2197 2068 2263 etiam
2109 2198 2268 2264 haec
2309 2198 2671 2267 testimonia

237 2305 616 2371 conveniunt
687 2303 766 2370 de
837 2305 974 2387 ejus
1036 2303 1358 2384 magistris
1421 2322 1457 2368 e
1522 2302 1669 2369 vitis
1731 2303 2157 2385 sophistarum
2219 2304 2433 2387 allata,
2503 2308 2670 2374 unde

232 2430 544 2494 apparere
587 2411 899 2494 Bergkius
941 2409 1112 2490 dicit,
1158 2409 1608 2476 Philostratum
1655 2410 1734 2477 II.
1787 2399 1909 2476 non
1952 2428 2114 2477 anno
2156 2412 2331 2493 CLI„
2394 2408 2507 2479 sed
2551 2414 2670 2479 cir-

230 2519 392 2585 citer
434 2536 667 2585 annum
710 2516 950 2583 CLXX.
999 2535 1138 2584 esse
1188 2524 1429 2596 natum,
1486 2535 1692 2598 neque
1749 2535 1933 2582 avum
1996 2534 2139 2583 eum
2196 2536 2337 2585 esse
2388 2521 2670 2601 potuisse

231 2624 603 2692 Philostrati
646 2625 759 2691 III.

396 2732 604 2813 Atque
648 2731 804 2796 haec
847 2728 1098 2813 quidem
1142 2729 1222 2795 de
1267 2729 1795 2794 Philostratorum
1840 2729 2107 2811 familia;
2152 2730 2309 2797 satis
2350 2749 2667 2816 superque

231 2838 397 2903 enim
440 2855 522 2901 ex
564 2836 676 2915 eis,
748 2852 910 2919 quae
953 2854 1146 2918 supra
1189 2835 1689 2915 commemoravi,
1761 2841 1985 2918 patere
2030 2836 2317 2902 existimo
2365 2837 2665 2931 perfacile

227 2943 384 3010 illud
430 2944 689 3011 Suidae:
774 2942 1282 3032 υΦιλόστρατος
1337 2949 1717 3027 Νερβιανοῦ
1776 2941 2290 3029 ἅδελφόπαιδος
2343 2948 2468 3011 τοῦ
2509 2947 2661 3034 dev-j-

229 3054 422 3136 τέρου
470 3051 983 3134 Φιλοστράτου“
1025 3049 1280 3116 defendi
1321 3067 1527 3130 posse.

393 3156 668 3236 Librum,
713 3157 819 3238 qui
842 3156 1362 3239 „Gymnasticus“
1405 3153 1790 3234 inscribitur,
1831 3176 1870 3219 a
1912 3154 2184 3236 Bergkio
2214 3175 2335 3222 non
2368 3163 2434 3223 et
2455 3156 2662 3239 ipsum

230 3281 312 3328 ex
377 3263 676 3330 orationis
739 3281 974 3344 genere
1039 3261 1449 3344 dijudicatum
1515 3280 1676 3339 esse,
1747 3266 1960 3327 utrum
2023 3261 2392 3329 Philostrati
2435 3264 2514 3329 II.
2580 3283 2661 3329 an

229 3361 595 3435 Philostrati
639 3368 751 3434 111.
800 3372 990 3447 esset,
1062 3366 1351 3448 equidem
1396 3385 1517 3433 non
1562 3367 1742 3448 potui
1784 3385 1907 3431 non
1950 3366 2133 3432 valde
2174 3367 2410 3447 mirari,
2479 3384 2663 3450 prae-

228 3473 450 3540 sertim
493 3493 637 3540 cum
679 3472 759 3539 ab
800 3473 910 3539 illo
967 3473 1154 3556 paulo
1208 3491 1402 3554 supra
1455 3478 2009 3539 commemoratum
2066 3479 2254 3554 esset,
2324 3474 2661 3541 Heroicum

227 3584 295 3645 et
337 3579 649 3661 Imagines
691 3581 936 3663 priores
979 3579 1079 3645 vel
1126 3578 1484 3660 longissime
1528 3576 1874 3644 abhorrere
1914 3615 1997 3626 —
2049 3594 2248 3659 genus
2303 3578 2550 3646 dicendi
2605 3583 2658 3647 si

225 3689 701 3767 compararetur
739 3688 912 3752 inter
953 3704 1024 3752 se
1073 3722 1157 3734 -—
1201 3705 1240 3749 a
1305 3685 1438 3750 vita
1502 3685 1808 3767 Apollonii
1876 3690 1942 3749 et
2006 3684 2153 3750 vitis
2217 3682 2659 3767 sophistarum.

225 3792 312 3856 At
353 3790 497 3857 huic
539 3790 795 3873 Bergkii
832 3791 1067 3873 judicio
1109 3791 1267 3857 adeo
1320 3810 1442 3856 non
1503 3790 1849 3881 assentior,
1919 3799 1993 3857 ut
2050 3797 2270 3857 contra
2327 3788 2658 3872 affirmem,

224 3915 412 3978 quam
476 3898 818 3963 maximam
874 3915 1012 3963 esse
1077 3896 1225 3963 vitis
1288 3897 1711 3978 sophistarum
1779 3901 1847 3962 et
1910 3896 2080 3962 vitae
2144 3882 2453 3978 Apollonii
2515 3910 2657 3965 cum

225 4002 492 4069 Heroico
557 4011 624 4069 et
686 4002 1069 4083 Imaginibus
1129 4002 1442 4085 prioribus
1506 4002 1811 4069 orationis
1876 4002 2366 4068 similitudinem.
2454 3998 2654 4083 Quam

223 4127 345 4174 non
387 4113 563 4174 recte
604 4127 674 4174 se
715 4107 949 4175 habeat
987 4108 1249 4189 Bergkii
1289 4109 1403 4174 illa
1458 4107 1536 4174 de
1579 4108 1849 4186 Heroico
1898 4115 1965 4175 et
2006 4107 2391 4189 Imaginibus
2431 4113 2656 4192 priori-

220 4212 338 4280 bus
380 4216 716 4295 sententia,
784 4220 858 4281 ut
913 4215 1359 4291 demonstrem,
1426 4213 1746 4296 per-multa
1811 4213 2030 4279 similis
2093 4213 2342 4279 dicendi
2403 4217 2655 4296 generis

220 4322 527 4404 exempla,
598 4341 761 4404 quae
806 4322 957 4387 mihi
997 4323 1062 4387 in
1122 4322 1587 4404 comparatione
1647 4322 2033 4404 singulorum
2086 4330 2348 4403 operum
2405 4321 2651 4389 obviam

362 4497 418 4567 1)
455 4496 679 4566 audon,
717 4497 1014 4570 Leipzigor
1050 4497 1284 4563 Studien
1324 4463 1456 4567 vn,
1493 4497 1543 4565 5.
1669 4470 1672 4473 ’

2143 4591 2177 4646 2
2196 4590 2226 4623 O
