3109 5142
623 566 814 634 Vita
864 569 1306 650 Apollonii:

391 678 712 742 Θετταλοὶ
744 734 747 735 ⁷
783 673 910 762 γάρ
983 673 1065 740 τοὶ
1129 671 1546 759 ἐναγίσματα

382 779 622 865 χρόνον
679 777 795 867 ἤδη
851 780 1064 846 πολύν
1117 777 1552 848 ἐκλελοίπασί

386 911 520 972 μοι,
592 892 705 952 καὶ
749 894 1074 972 μηνίειν
1137 892 1258 972 μὲν
1323 884 1545 953 οὕπω

383 987 621 1071 ἆξιῶ,
726 1001 1121 1078 μηνίσαντος
1199 993 1326 1078 γάρ
1408 991 1543 1059 άπ-

386 1099 695 1164 ολοῦνται
737 1102 994 1183 μᾶλλον
1036 1096 1072 1185 ἢ
1117 1101 1181 1165 οἱ
1237 1097 1543 1166 ἐνταῦθά

386 1227 555 1269 ποτε
584 1203 900 1289 Ἕλληνες,
965 1208 1415 1295 ξυμβουλίᾳ
1461 1207 1548 1271 δὲ

385 1306 763 1376 ἐπιεικεῖ
802 1320 1153 1399 χρῶμαι,
1224 1312 1307 1397 μὴ
1358 1309 1542 1399 ὑβρί-

387 1418 525 1494 ζειν
566 1418 746 1502 σφᾱς
792 1412 861 1493 ἐς
901 1418 984 1481 τοὶ
1030 1416 1311 1501 νόμιμα,
1382 1419 1548 1502 μηδὲ

385 1528 651 1599 κακίους
757 1518 1154 1603 ἐλέγχεσθαι
1268 1529 1547 1588 τουτωνὶ

385 1628 517 1692 τῶν
565 1627 831 1716 Τρω’ων,
918 1629 983 1693 οἱ
1047 1627 1374 1695 τοσούσδε
1422 1624 1543 1695 ἄν·

388 1735 552 1822 δρας
573 1730 692 1798 ὑπ’
719 1730 884 1818 ἐμοῦ
919 1728 1409 1821 ἀφαιρεθέντες
1440 1737 1546 1821 δη-

388 1847 597 1929 μοσίᾳ
629 1865 700 1905 τε
724 1840 981 1906 θύουσί
1004 1865 1117 1925 μοι
1147 1848 1259 1907 καὶ
1291 1839 1551 1925 ὡραίων

386 1940 814 2032 ἆπάρχονται
857 1952 969 2012 καὶ
1001 1947 1331 2035 ἱκετηρίαν
1358 1953 1547 2013 τιθέ-

387 2077 576 2137 μενοι
661 2055 965 2130 σπονδὰς
1047 2052 1387 2131 αἰτοῦσιν,
1469 2050 1550 2130 ἃς

386 2158 514 2240 ἐγώ
558 2155 636 2223 οὗ
681 2158 909 2223 δώσω·
959 2158 1042 2223 τά
1085 2159 1214 2246 γάρ
1244 2155 1549 2247 ἐπιορκη-

385 2269 596 2330 θέντα
681 2265 944 2341 τούτοις
1005 2261 1138 2330 ’ἐπ’
1227 2263 1344 2348 ἐμὲ
1433 2262 1550 2330 οὐκ

385 2368 575 2436 ἐάσει
618 2371 693 2436 τὸ
719 2368 923 2438 Ἴλιόν
968 2395 1134 2437 ποτε
1163 2373 1236 2436 τὸ
1267 2367 1550 2459 α’ρχαῖον

391 2476 758 2559 ἀναλαβεῖν
819 2476 1019 2556 εἶδος,
1105 2474 1262 2544 οὐδὲ
1332 2487 1550 2560 τυχεῖν

392 2583 620 2670 ἆκμνῖς,
667 2580 885 2670 ὃπόση
932 2589 1087 2670 περὶ
1123 2583 1379 2660 πολλάς
1423 2594 1552 2650 τῶν

390 2695 869 2781 καθῃρημένων
898 2689 1179 2772 ἐγένετο,
1211 2687 1353 2755 ἀλλ’
1381 2691 1550 2776 οἰκη-

392 2818 631 2864 σουσιν
685 2790 848 2862 αὐτὸ
899 2798 1199 2881 βελτίους
1259 2792 1459 2862 οὐδὲν
1512 2823 1549 2882 η

394 2904 458 2971 εἰ
522 2908 688 2986 χθὲς
750 2900 1033 2989 ἥλωσαν.
1121 2903 1216 2968 ἵν’
1262 2899 1409 2969 οὖν
1450 2903 1547 2988 μὴ

391 3017 504 3077 καὶ
546 3009 628 3076 τά
699 3011 1050 3075 Θετταλῶν
1094 3007 1549 3094 ἀποφαίνω

394 3114 638 3201 ὅμοια
681 3120 1013 3202 πρέσβευε
1055 3115 1243 3197 παροῖ
1292 3115 1367 3180 τὸ
1408 3141 1546 3181 κοι-

396 3224 509 3288 νὸν
580 3216 796 3288 αὐτῶν
877 3217 1047 3306 ὑπὲρ
1121 3216 1209 3286 ὧν
1281 3220 1549 3287 εἶπον.“
1650 3267 1666 3282 .

390 3329 906 3412 ,,πρεσβεύσω“,
991 3326 1154 3413 ἔφην
1220 3326 1306 3406 „b
1393 3328 1546 3414 γάρ

395 3437 585 3512 νοῦς
625 3437 758 3519 τῆς
815 3440 1274 3518 πρεσβείας
1318 3430 1406 3520 ἦν
1447 3432 1546 3520 μὴ

393 3538 883 3609 ἀπολέσθαι
929 3537 1308 3616 αὐτούςζζ.

1561 386 1806 452 40...

2020 567 2446 634 Hernicus:

1648 676 1939 759 ληθῆναι
1985 723 2000 738 .
2033 724 2051 740 .
2092 722 2107 737 .
2149 724 2162 738 .
2207 678 2421 759 φασὶν
2469 722 2485 738 .
2517 723 2533 739 .
2567 724 2582 739 .
2618 724 2635 741 .
2687 672 2826 742 ὑπὸ

1650 783 1763 866 τῆς
1839 782 2237 855 Θετταλίας·
2328 779 2402 844 αἱ
2484 784 2607 864 μὲν
2684 780 2818 866 γάρ

1650 884 1957 971 ἔπεμπον
2040 894 2175 951 τῶν
2251 884 2529 964 πόλεων,
2625 888 2699 952 αἱ
2756 888 2821 951 δ’

1652 987 1764 1058 οὗκ
1834 988 2092 1077 ἠξίουν,
2181 991 2254 1057 αἱ
2319 995 2395 1059 δὲ
2466 991 2536 1072 ἐς
2603 1000 2821 1085 νέωτα

1650 1104 1952 1188 πέμψειν
2010 1096 2299 1184 ἔφασαν,
2364 1101 2437 1165 αἱ
2491 1102 2566 1167 δὲ
2621 1105 2821 1168 κατέ-

1648 1207 1896 1287 βαλλον
1924 1204 1997 1270 τό
2032 1212 2311 1290 πρᾶγμα
2347 1257 2357 1267 .
2387 1260 2400 1271 .
2429 1256 2443 1270 .
2471 1256 2487 1271 .
2531 1210 2652 1274 209
2676 1209 2820 1291 (26)

1655 1313 1978 1377 Θετταλοὶ
2041 1311 2441 1395 μηδίσαντες
2508 1312 2826 1388 ἐξέλιπον

1649 1417 1859 1483 πάλιν
1901 1416 1983 1481 τοὶ
2043 1413 2112 1495 ἐς
2170 1416 2286 1482 τὸν
2332 1414 2636 1500 Ἀχιλλέα
2697 1419 2816 1486 νό-

1647 1545 1817 1603 μιμα
1864 1569 1878 1583 .
1927 1569 1941 1583 .
1989 1571 2003 1586 .
2050 1572 2062 1585 .
2115 1525 2238 1588 209
2282 1523 2417 1607 (29)
2500 1521 2652 1591 ἐπεὶ
2740 1527 2825 1592 δὲ

1637 1617 2070 1712 Ἀλέξανδρος
2115 1681 2127 1692 .
2175 1677 2190 1691 .
2239 1677 2253 1691 .
2303 1678 2317 1692 .
2372 1628 2487 1714 τὴν
2526 1634 2648 1715 μὲν
2690 1629 2819 1698 ἆλ-

1647 1731 1766 1814 λην
1805 1734 2176 1799 Θετταλίαν
2216 1729 2641 1802 ἐδουλώσατο
2669 1787 2684 1802 .
2711 1788 2726 1802 .
2754 1787 2769 1803 .
2802 1788 2823 1804 .

1648 1832 2180 1923 ἐπεστράφησαν
2225 1840 2290 1906 οἳ
2338 1844 2661 1909 Θετταλοὶ
2701 1844 2828 1909 τοῦ

1640 1934 1983 2024 Ἀχιλλέως
2025 1995 2039 2009 .
2073 1997 2085 2011 .
2121 1995 2136 2009 .
2175 1995 2190 2010 .
2236 1949 2360 2014 210
2400 1948 2496 2032 (8)
2542 1999 2560 2013 .
2585 2000 2601 2016 .
2629 1998 2644 2012 .
2671 1951 2825 2024 ξυν-

1651 2052 1958 2116 έστειλαν
2026 2051 2090 2116 οἱ
2154 2055 2476 2119 Θετταλοὶ
2527 2055 2609 2120 τά
2665 2053 2824 2121 ἐνα-

1650 2162 1943 2240 γίσματα
2028 2163 2140 2222 καὶ
2238 2158 2549 2244 ἔπεμπον
2644 2156 2823 2248 ἄρνα

1648 2265 1926 2340 μέλανα.
2011 2272 2144 2328 τῶν
2219 2266 2296 2330 δὲ
2377 2262 2830 2348 ἐναγιζόντων

1653 2367 1806 2435 οὔτε
1844 2365 2270 2454 άφικομένων
2294 2422 2308 2435 .
2336 2421 2350 2436 .
2379 2422 2393 2436 .
2418 2369 2827 2458 ἐμήνισεν

1652 2472 1687 2540 ὁ
1718 2472 2171 2557 Ἀχιλλεύς,
2212 2484 2351 2544 καὶ
2397 2474 2678 2545 ὁπόσα
2722 2490 2824 2571 τῇ

1657 2583 2078 2671 Θετταλία
2175 2579 2641 2673 ἐνέσκηψεν
2740 2587 2830 2653 εἰ

1652 2686 2074 2772 διεξίοιμι
2119 2738 2440 2757 ......
2503 2694 2628 2759 210
2669 2696 2819 2775 (19)

1653 2787 1821 2857 ἄλλα
1869 2794 2009 2871 νῦν,
2068 2791 2217 2880 ἔφη,
2275 2795 2645 2880 διενεχθεὶς
2686 2796 2821 2865 αὐ-

1650 2907 1738 2987 τῷ
1803 2896 1955 2984 ἥκω,
2027 2904 2385 2978 Θετταλοῖς
2446 2906 2571 2988 γὰρ
2637 2901 2822 2993 ὑπὲρ

1650 3007 1777 3071 τῶν
1858 3002 2322 3091 ἐναγισμάτων
2406 3037 2452 3094 μ
2467 3036 2503 3096 η
2522 3037 2557 3075 ν
2575 3018 2603 3076 ί
2614 3036 2648 3076 ο
2666 3037 2703 3076 ν
2716 3038 2751 3076 τ
2764 3039 2821 3076 α

1650 3110 2160 3195 αἰσθόμενος
2201 3110 2478 3198 ,,ἐμοί“,
2524 3116 2710 3203 ἔφην,
2749 3169 2764 3183 .
2799 3157 2818 3185 .-

1713 3266 1727 3281 .
1769 3216 2038 3300 ,,πάρες
2119 3221 2389 3286 τοῦτο“.
2478 3218 2512 3287 ὃ
2584 3224 2642 3307 δ’
2716 3223 2821 3292 οὗ

1648 3330 2073 3403 πείθεται,
2139 3334 2342 3411 φησὶ
2410 3330 2467 3394 δ’
2513 3324 2824 3408 αὐτοῖς

1646 3430 1899 3495 κακόν
1955 3457 2030 3495 τι
2075 3428 2159 3497 ἐκ
2204 3434 2622 3521 θαλάττης
2669 3437 2820 3502 δώ-

1648 3558 1853 3602 σειν.
1918 3543 2029 3600 καὶ
2075 3538 2291 3617 δέδια,
2333 3541 2420 3627 μὴ
2468 3544 2659 3630 παρά
2706 3594 2720 3608 .
2748 3594 2763 3608 .
2799 3595 2820 3610 .

1652 3643 1930 3718 Θέτιδος
2001 3638 2275 3730 εὕρηταί
2341 3672 2403 3711 τι
2475 3642 2703 3726 αὐτοῖς
2772 3647 2819 3716 ὅ

1647 3749 1923 3826 δεινὸς
1985 3746 2316 3828 ἐκεῖνος
2378 3758 2511 3819 καὶ
2572 3751 2815 3839 οἷμεί-

1644 3857 1987 3933 λικτος“.

558 4049 632 4114 In
676 4050 806 4115 vita
850 4050 1159 4131 Apollonii
1200 4051 1395 4132 igitur
1435 4053 1714 4118 Achilles
1757 4049 2134 4117 describitur
2176 4067 2314 4114 esse
2357 4050 2562 4116 animo
2602 4051 2821 4132 placa-

393 4156 502 4223 bili
547 4163 612 4222 et
655 4157 734 4220 ad
776 4155 1204 4237 deponendam
1249 4157 1650 4225 offensionem
1697 4159 1883 4237 molli,
1956 4163 2026 4222 at
2078 4157 2141 4220 in
2183 4157 2451 4224 Heroico
2492 4158 2658 4224 idem
2699 4159 2818 4226 ille

391 4282 462 4330 se
504 4263 770 4345 praebet
809 4262 1263 4344 implacabilem
1309 4271 1375 4331 et
1415 4266 1875 4332 inexorabilem.
