3109 5142
1251 375 1664 439 ...43-

164 573 174 583 ·
258 555 502 621 tianum
542 561 876 636 susceptae
919 561 1445 621 commemoratur
1489 572 1564 621 ac
1604 553 2032 636 praedicatur,
2103 551 2167 618 id
2219 552 2383 636 quod
2440 553 2595 619 nihil
2651 572 2690 620 a

255 661 676 743 descript-ione
722 663 886 731 vitae
930 661 1245 728 abhorret.
1330 662 1455 728 Sed
1496 681 1576 727 ne
1634 662 1751 726 hac
1807 679 1878 725 re
1938 660 2451 726 humanissimum
2503 661 2690 745 hujus

257 769 452 834 libelli
494 768 986 833 existimatorem
1029 768 1266 834 diutius
1310 768 1621 848 demorer,
1679 769 1811 849 jam
1854 784 2016 850 quae
2058 774 2305 833 restant
2349 767 2689 834 absolvam.

421 876 494 940 In
537 875 788 957 scriptis
832 875 1201 940 Philostrati
1242 875 1324 941 ΙΙ.
1380 874 1549 940 haud
1593 877 1686 940 ita
1729 875 1926 940 multa
1968 892 2170 956 neque
2216 892 2291 939 ea
2334 875 2469 941 sine
2513 874 2692 957 gravi

256 1002 447 1048 causa
487 983 823 1062 iterantur,
867 1000 1021 1064 quos
1065 981 1231 1048 locos
1266 983 1398 1065 jam
1443 980 1702 1046 afferam
1747 999 1964 1047 omnes

255 1112 443 1178 Vita
488 1111 931 1194 Apollonii:
1846 1109 2077 1175 Vitae
2120 1109 2694 1191 sophistarum:

618 1219 727 1283 De
767 1217 1109 1283 Neronis
1153 1218 1434 1283 Isthmi
1476 1216 1904 1283 scindendi
1947 1217 2315 1283 consilio:

259 1327 382 1389 143
426 1326 574 1407 (17.
602 1372 617 1390 .
648 1326 711 1407 .),
761 1327 880 1391 170
926 1326 1061 1408 (24)
2473 1325 2555 1390 60
2595 1325 2692 1408 (4)

920 1453 923 1459 ’
1058 1452 1169 1518 De
1212 1451 1528 1519 Prodici
1571 1451 1894 1518 libello:

255 1562 381 1624 215
421 1563 487 1642 (7
514 1610 528 1625 .
555 1608 569 1623 .
597 1560 663 1647 .),
707 1561 831 1624 216
872 1559 1009 1643 (16)
2348 1564 2385 1627 3
2430 1561 2695 1646 (25...)

525 1738 531 1745 .
677 1691 786 1755 De
830 1689 1214 1771 Aeschyli
1256 1688 1331 1753 in
1376 1688 1870 1771 tragoediam
1916 1690 2265 1756 meritis:

255 1796 384 1860 219
423 1797 571 1876 (26.
598 1846 612 1862 .
639 1798 705 1879 .),
749 1799 874 1863 220
914 1797 1010 1880 (6)
2432 1801 2506 1863 11
2554 1801 2690 1884 (20)

1195 1902 1304 1968 De
1346 1902 1752 1969 Aristide:

253 2010 381 2071 237
426 2006 644 2091 (5...)
2262 2009 2384 2075 120
2426 2011 2692 2095 (27...)

987 2115 1097 2180 De
1153 2132 1550 2196 magorum
1607 2112 1959 2179 artibus:
2493 2128 2504 2141 ·

22 2208 23 2217 '
162 2272 167 2279 .
251 2216 383 2287 292
426 2222 535 2306 (23
568 2272 580 2286 .
608 2270 622 2284 .
651 2219 717 2301 .),
760 2222 883 2287 305
926 2223 988 2305 (1
1018 2272 1033 2287 .
1061 2271 1076 2287 .
1104 2221 1151 2305 .)
2147 2223 2228 2285 36
2271 2222 2387 2305 (7),
2432 2225 2513 2288 38
2552 2223 2688 2307 (18)

254 2349 452 2416 Vita
493 2350 929 2433 Apollonii:
2098 2349 2692 2432 Gymnasticus:

1227 2456 1335 2527 De
1378 2455 1731 2523 artibus:

257 2565 384 2630 305
427 2563 686 2644 (20...)
1629 2586 1633 2591 ·
2301 2565 2418 2629 261
2467 2566 2688 2650 (1...)

403 2693 606 2758 Aliter
619 2711 725 2759 res
741 2712 808 2759 se
823 2693 1016 2760 habet
1028 2693 1093 2759 in
1111 2692 1378 2759 Heroico
1400 2698 1469 2758 et
1481 2693 1863 2776 Imaginibus
1880 2693 2067 2775 prior.
2090 2693 2396 2759 Permulti
2413 2693 2576 2759 enim
2591 2693 2690 2759 his

257 2799 326 2864 in
350 2798 524 2863 libris
566 2799 684 2864 loci
706 2800 1110 2865 inveniuntur
1130 2817 1170 2863 a
1194 2797 1575 2865 Philostrato
1597 2800 1675 2864 ΙΙ.
1718 2800 1811 2879 (in
1840 2800 1971 2864 vita
2001 2798 2306 2880 Apollonii
2351 2801 2691 2867 maximam

260 2904 538 2987 partem)
577 2905 706 2987 jam
751 2906 1030 2986 tractati,
1074 2923 1337 2988 quorum
1381 2905 1598 2972 statim
1631 2904 2035 2987 gravissimos
2077 2907 2601 2972 commemorabo:

261 3032 447 3101 Vita
489 3034 927 3115 Apollonii:
2271 3036 2688 3105 Heroicus:

1029 3142 1139 3208 De
1183 3142 1540 3208 Achillis
1585 3141 1916 3224 capillo:

270 3247 388 3311 135
428 3247 719 3330 (17...),
761 3250 886 3315 290
924 3248 1143 3331 (6...)
2310 3252 2430 3315 152
2473 3252 2693 3337 (8...)

1171 3379 1281 3443 De
1324 3378 1781 3444 Thessalis:

267 3482 393 3550 135
437 3482 586 3567 (22.
615 3532 628 3547 .
656 3483 722 3566 .),
768 3486 891 3550 142
933 3484 1120 3569 (13..
1152 3485 1217 3570 .).
1784 3487 1905 3551 208
1951 3487 2095 3567 (7..
2126 3487 2187 3570 .),
2240 3488 2365 3554 209
2406 3490 2595 3569 (14..
2628 3489 2692 3572 .),

2242 3596 2368 3661 210
2412 3595 2676 3682 (20...)

1186 3697 1293 3763 De
1334 3697 1771 3780 Polyxena:

273 3804 390 3867 136
435 3801 700 3886 (16...)
1000 3814 1007 3819 ’
2262 3809 2387 3874 204
2428 3808 2695 3893 (24...)

1228 3933 1337 3999 De
1389 3933 1733 3999 Helena:

269 4042 388 4105 136
432 4040 577 4120 (23.
603 4040 709 4125 ,.),
750 4040 874 4105 276
915 4040 1025 4123 (23
1053 4089 1066 4105 .
1092 4091 1105 4106 .
1134 4038 1177 4123 .)
1369 4122 1374 4132 Ι
2321 4046 2441 4111 163
2484 4046 2697 4129 (6...)

1174 4171 1281 4236 De
1327 4152 1784 4237 Palamede:

1784 4278 1904 4342 160
1945 4276 2136 4361 (28..
2164 4281 2228 4359 .)‚
2272 4282 2392 4346 182
2415 4281 2563 4365 (26.
2592 4282 2696 4365 ,.),

269 4381 387 4446 137
433 4380 669 4466 (2...)‚
712 4383 835 4448 233
876 4382 1134 4466 (24...)
1783 4385 1902 4449 133
1940 4383 2181 4467 (1...),
2268 4387 2696 4471 133(23...),

1786 4491 1904 4556 195
1945 4491 2227 4576 (17...),
2270 4494 2390 4560 201
2435 4494 2696 4583 (20...)
2767 4563 2771 4569 .
