3109 5142
1501 326 2008 441 —1e-‘

499 546 575 628 ut
612 563 845 628 paucos
887 545 1026 614 aliis
1083 547 1332 615 omissis
1372 566 1856 617 commemorem
1895 551 2095 618 locos:
2165 550 2352 617 Her:
2422 552 2544 617 139
2585 549 2741 635 (10),
2805 551 2928 616 148

499 651 661 735 (15),
707 656 824 719 179
867 655 1025 738 (14),
1074 659 1189 720 197
1233 657 1346 738 (1),
1389 657 1514 720 214
1558 660 1715 738 (26),
1760 660 1884 724 218
1927 661 2037 738 (9).

664 757 857 840 Imag.
905 760 1177 841 priores:
1235 764 1357 827 303
1403 763 1559 844 (24),
1602 765 1725 828 315
1767 765 1883 847 (7),
1926 767 2044 828 331
2092 761 2251 845 (14),
2296 764 2418 827 333
2460 763 2555 845 (6)
2599 765 2756 846 (21),
2802 764 2929 829 356

498 867 649 945 (32),
694 868 815 932 388
860 870 976 947 (3).

664 974 730 1053 0)
775 991 1038 1039 vocem
1080 978 1535 1060 ,,στέφανος“,
1602 994 1794 1058 quam
1849 976 1913 1041 in
1957 976 2226 1043 Heroico
2265 994 2409 1057 pag.
2460 976 2576 1040 147
2622 977 2740 1059 (1),
2804 978 2929 1040 159

497 1079 652 1158 (18),
695 1080 819 1146 208
863 1081 997 1162 (18)
1038 1081 1266 1160 inveni,
1311 1081 1626 1163 Imagines
1669 1082 1913 1163 priores
1972 1101 2220 1165 quoque
2262 1080 2561 1147 exhibent
2601 1081 2699 1146 his
2744 1080 2928 1147 locis:

494 1186 616 1250 297
661 1186 816 1265 (28),
858 1187 982 1250 298
1029 1187 1119 1264 (2)
1167 1188 1322 1270 (12),
1368 1188 1493 1252 299
1541 1187 1657 1271 (5),
1702 1190 1821 1254 301
1868 1191 1980 1271 (4),
2026 1191 2147 1253 313
2193 1188 2351 1272 (11),
2409 1190 2531 1252 316
2577 1188 2711 1272 (10)
2757 1189 2916 1268 (27),

486 1292 621 1363 ,320
662 1280 777 1374 (8),
821 1293 944 1355 325
987 1293 1103 1373 (2),
1146 1295 1268 1358 329
1312 1294 1471 1378 (10),
1517 1296 1641 1359 336
1683 1295 1796 1377 (2),
1854 1297 1976 1360 372
2021 1297 2175 1377 (10),
2237 1297 2360 1360 385
2401 1293 2562 1377 (10),
2617 1311 2929 1377 nusquam

488 1395 759 1465 ,formam
811 1396 1227 1485 ,,στεᾳάνη“,
1285 1418 1425 1464 cum
1486 1400 1681 1481 Imag.
1740 1401 2145 1482 posteriores,
2201 1420 2328 1466 uno
2367 1399 2522 1480 loco,
2590 1419 2713 1482 quo
2754 1399 2930 1465 inve-

495 1505 672 1571 nitur
713 1503 870 1568 haec
912 1523 1050 1582 vox,
1091 1504 1368 1571 habeant
1410 1504 1828 1591 ,,σιεφάνη“.
2698 1497 2701 1500 ’

667 1611 739 1693 d)
784 1630 1045 1678 vocem
1089 1611 1337 1701 »ἱδρῶ
1357 1639 1420 1693 ς,
1467 1620 1724 1690 ῶτος“
1768 1615 1831 1679 in
1860 1613 2132 1682 Heroico
2165 1614 2449 1696 repperi:
2497 1616 2615 1680 150
2643 1613 2757 1697 (4),
2805 1618 2929 1679 152

493 1722 621 1799 (2);
662 1737 867 1800 aeque
908 1719 1102 1801 Imag.
1149 1721 1392 1801 priores
1437 1719 1750 1802 praebent
1776 1721 1938 1786 hanc
1968 1739 2211 1786 vocem:
2256 1723 2379 1786 323
2409 1720 2568 1804 (30),
2612 1723 2735 1786 332
2764 1720 2925 1803 (20),

495 1829 616 1891 337
663 1825 777 1909 (1),
837 1828 959 1892 349
1001 1828 1158 1910 (20),
1217 1830 1338 1893 373
1382 1828 1495 1911 (3),
1549 1846 1860 1910 nusquam
1912 1827 2259 1910 ,,ῗδρωσις,
2322 1833 2515 1904 εως“,
2575 1845 2717 1893 cum
2761 1828 2926 1893 Ima-

497 1932 674 2013 gines
746 1932 1129 2013 posteriores
1198 1952 1339 2014 uno,
1410 1934 1518 2015 qui
1587 1939 1804 1999 exstat
1872 1932 1977 2014 ibi,
2044 1932 2179 2003 loco
2252 1931 2595 1999 exhibeant
2656 1931 2922 1998 formam

498 2039 871 2125 ,,ἵδρο1σις“
915 2035 1212 2121 (guamo
1223 2047 1348 2106 ῦσα
1394 2042 1517 2104 412
1562 2042 1742 2122 (28)).

662 2147 735 2225 0)
776 2147 1046 2227 Aeque
1090 2146 1154 2210 in
1185 2146 1377 2226 Imag.
1409 2144 1725 2228 prioribus
1755 2144 1866 2209 cf.:
1913 2148 2035 2210 312
2079 2146 2234 2226 (27),
2278 2147 2400 2211 315
2447 2144 2561 2228 (1),
2608 2146 2731 2209 364
2762 2142 2919 2225 (10),

495 2257 687 2332 atque
734 2252 797 2316 in
840 2252 1107 2317 Heroico
1151 2249 1258 2316 cf.:
1305 2256 1426 2316 185
1471 2252 1630 2335 (31),
1675 2252 1798 2316 206
1841 2252 1936 2332 (4)
1980 2251 2256 2316 occurrit
2307 2270 2457 2316 vox
2496 2247 2920 2336 ,ssgoegijg‘ss

497 2374 640 2421 cum
680 2356 743 2421 in
785 2356 979 2438 Imag.
1023 2355 1479 2438 posterioribus
1519 2357 1879 2437 reperiatur
1920 2356 2121 2423 forma
2163 2354 2429 2443 »11ξῆςῆ

656 2462 719 2545 1’)
756 2483 906 2529 vox
963 2456 1407 2541 ,,ἆνεκτός“
1467 2461 1714 2527 obviam
1781 2460 1947 2528 facta
2005 2462 2070 2527 in
2116 2463 2416 2530 Heroico:
2487 2466 2613 2529 156
2651 2464 2788 2545 (32)
2850 2461 2914 2526 in

492 2550 682 2646 Imag.
730 2563 1044 2645 prioribus
1089 2582 1337 2646 quoque
1372 2563 1668 2630 offertur:
1735 2566 1858 2629 343
1900 2565 2027 2648 (9);
2097 2565 2293 2646 Imag.
2348 2565 2734 2647 posteriores
2777 2587 2917 2646 uno,

491 2688 677 2752 quem
723 2670 949 2749 inveni,
993 2668 1128 2735 loco
1169 2667 1407 2735 habent
1447 2664 1954 2752 ,,ἆνασχετός“;
2000 2672 2118 2734 411
2169 2669 2284 2753 (2).

659 2776 834 2853 Quae
879 2793 1019 2841 cum
1063 2774 1156 2839 ita
1198 2775 1345 2855 sint,
1402 2773 1694 2856 equidem
1745 2793 1866 2840 non
1911 2773 2233 2857 intellego,
2287 2793 2408 2858 quo
2461 2775 2600 2842 iure
2641 2778 2919 2844 Rohdius

492 2881 841 2966 negaverit,
883 2881 1221 2964 quidquam
1265 2899 1406 2947 esse
1448 2881 1516 2945 in
1561 2880 1830 2947 Heroico
1874 2887 1942 2947 et
1978 2881 2171 2964 Imag.
2219 2882 2693 2965 posterioribus,
2754 2884 2915 2967 quod

495 3009 609 3056 nos
657 2995 833 3056 vetet
871 2990 1030 3054 haec
1073 2988 1198 3054 duo
1240 2989 1476 3070 scripta
1519 2989 1626 3053 uni
1672 2987 2003 3069 eidemque
2058 2988 2302 3053 auctori
2360 2989 2734 3075 attribuere,
2777 2990 2918 3056 Phi—

476 3097 763 3169 ¹lostrato
802 3095 913 3171 ΙΙΙ.
993 3094 1116 3162 Sed
1168 3096 1301 3177 jam
1358 3094 1610 3160 doctum
1668 3093 1848 3160 illum
1891 3095 2091 3161 virum
2152 3113 2274 3159 non
2329 3095 2688 3162 sententiae
2742 3115 2919 3162 meae

493 3221 634 3270 esse
677 3206 1196 3285 repugnaturum,
1236 3219 1482 3281 censeo,
1525 3201 1756 3282 quippe
1789 3200 1895 3282 qui
1935 3200 2001 3265 in
2032 3206 2308 3268 exeunte
2352 3201 2461 3267 illa
2495 3202 2920 3286 disputatione

492 3309 653 3374 haec
713 3307 1119 3390 profiteatur:
1193 3307 1356 3385 „Mir
1418 3306 1550 3371 also
1602 3306 1728 3371 will
1790 3325 1877 3387 es,
1941 3305 2036 3372 bis
2091 3291 2253 3373 etwa
2306 3326 2627 3389 genauere
2687 3309 2921 3375 Unter-

495 3414 863 3493 suchungen
907 3413 1140 3478 andres
1171 3411 1762 3479 wahrscheinlicher
1803 3413 2099 3494 gemacht
2139 3412 2364 3494 haben,
2407 3414 2502 3480 als
2545 3413 2658 3481 das
2689 3413 2922 3481 Glaub-

495 3519 723 3586 lichste
767 3518 1154 3597 erscheinen‚
1198 3518 1345 3584 dass
1391 3517 1815 3584 Philostratus
1858 3517 1995 3597 111„
2052 3519 2257 3586 Enkel
2301 3519 2414 3586 des
2462 3526 2696 3602 ersten,
2739 3520 2919 3587 Neffe

492 3626 621 3691 und
678 3624 1191 3707 Schwiegersohn
1254 3624 1371 3689 des
1429 3623 1691 3690 zweiten
1750 3623 2191 3705 Philostratus,
2253 3624 2369 3690 der
2411 3625 2746 3693 Verfasser
2808 3626 2922 3691 der

487 3731 802 3812 jungeren
824 3729 1116 3808 Eikones‚
1161 3729 1276 3797 des
1298 3728 1607 3795 Heroicus
1635 3728 1761 3795 und
1787 3729 1947 3795 wohl
1970 3730 2130 3796 auch
2159 3730 2274 3797 des
2298 3731 2742 3814 Gymnasticus
2769 3732 2918 3798 sei.“

659 3834 958 3915 RohdiuS,
1014 3835 1121 3918 qui
1177 3832 1760 3900 ratiocinationibus
1802 3835 1952 3900 solis
2005 3834 2191 3900 nixus
2234 3835 2568 3901 Heroicum
2613 3843 2680 3903 et
2722 3838 2913 3919 Imag.

492 3940 879 4024 posteriores
920 3941 1307 4008 Philostrato
1350 3941 1464 4007 111.
1530 3940 1843 4022 attribuit,
1907 3941 2043 4024 ipse
2108 3942 2454 4009 concedere
2511 3942 2782 4023 videtur,
2850 3961 2919 4009 se

491 4048 656 4114 hanc
699 4066 833 4113 rem
875 4047 1082 4114 obiter
1104 4126 1111 4133 .
1124 4049 1633 4130 perlustravisse.
1717 4048 1941 4131 Itaque
1996 4068 2202 4133 neque
2245 4068 2478 4131 operae
2520 4069 2727 4133 neque
2783 4049 2919 4116 dili-

491 4155 747 4237 gentiae
803 4172 907 4218 me
961 4154 1320 4236 pepercisse
1372 4152 1647 4219 arbitror
1701 4171 2072 4235 aggressum
2127 4154 2288 4221 hanc
2343 4155 2427 4222 ad
2468 4156 2918 4239 quaestionem,

491 4267 567 4326 ut
610 4259 981 4342 indagarem
1024 4265 1216 4342 atque
1260 4259 1674 4341 exquirerem,
1734 4278 1881 4325 num
1924 4267 2103 4327 recte
2145 4280 2216 4328 se
2254 4261 2523 4330 haberet
2575 4262 2747 4329 illius
2804 4261 2922 4329 viri

464 4366 575 4440 ,de
642 4364 1049 4435 Philostratis
1103 4364 1433 4446 judicium,
1493 4365 1751 4448 jamque
1816 4372 1883 4433 et
1951 4367 2252 4433 rationis.
2290 4366 2783 4435 conclusionibus
2854 4373 2922 4432 et

493 4471 885 4565 argumentis
930 4489 966 4546 e
1006 4470 1254 4543 dicendi
1295 4488 1535 4554 genere
1573 4471 1792 4560 petitis
1841 4473 2002 4545 satis
2041 4510 2125 4521 —
2164 4481 2471 4557 quantum
2507 4473 2764 4565 quidem
2806 4472 2923 4542 hoc
