3109 5142
1480 400 1889 468 ...20-

468 582 617 646 sunt
654 576 844 656 facta,
915 575 1145 643 afferre
1202 591 1475 658 possum,
1543 573 1675 655 sed,
1748 592 1830 640 ne
1872 573 1990 641 sim
2036 574 2295 656 multus,
2350 593 2594 645 vereor.
2680 577 2914 662 Itaque

471 687 658 769 paulo
699 685 866 750 infra
911 682 1313 766 gravissimos
1356 688 1607 748 tantum
1650 683 1818 748 locos
1861 682 2198 764 proferam,
2254 702 2377 765 quo
2433 682 2678 750 facilius
2718 686 2915 751 intel-

469 793 600 874 legi
642 792 859 873 possit,
907 789 1191 872 quamvis
1233 789 1468 854 similes
1511 795 1623 854 aut
1666 807 1853 870 pares
1894 788 2011 855 loci
2053 789 2476 870 inveniantur,
2520 790 2674 856 nihil
2713 790 2913 858 licere

468 916 658 963 unam
701 897 866 962 hanc
910 895 1210 962 orationis
1252 894 1724 961 similitudinem
1781 894 2224 977 respicientem
2272 896 2352 962 de
2398 897 2661 978 singulis
2702 899 2913 979 operi-

468 1003 585 1071 bus
625 1003 1150 1069 Philostratorum
1194 1000 1578 1068 sententiam
1621 1000 1811 1082 ferre,
1874 1002 1939 1067 id
1983 1001 2147 1084 quod
2192 1020 2314 1067 non
2373 1009 2505 1069 tam
2550 1022 2589 1068 a
2631 1003 2912 1085 Bergkio

472 1129 659 1193 quam
703 1111 785 1174 ab
828 1108 969 1175 aliis
1013 1109 1248 1175 factum
1291 1114 1408 1175 est.
1490 1108 1684 1175 Velut
1727 1109 1795 1175 C.
1839 1109 1907 1173 L.
1949 1110 2274 1199 Kayserus
2299 1112 2349 1192 ¹)
2410 1111 2745 1193 perpaucis
2789 1111 2913 1176 eis-

468 1236 592 1299 que
636 1216 964 1283 levissimis
1006 1215 1158 1282 locis
1194 1216 1376 1282 nixus
1418 1251 1496 1261 —
1538 1213 1866 1297 paululum
1890 1217 2055 1281 enim
2080 1216 2317 1282 similes
2341 1235 2480 1283 esse
2502 1216 2801 1284 videntur
2822 1252 2912 1264 -

467 1326 659 1389 etiam
700 1323 878 1388 illum
921 1322 1290 1388 Philostrati
1309 1323 1359 1387 Ι.
1405 1320 1707 1401 libellum,
1751 1322 1857 1404 qui
1901 1323 2147 1405 „Nero“
2174 1323 2227 1403 2)
2268 1322 2652 1403 inscribitur,
2698 1323 2908 1390 Philo-

465 1434 673 1496 strato
714 1429 793 1494 ΙΙ.
839 1428 1151 1495 attribuit.
1238 1430 1438 1507 Quam
1482 1429 1794 1495 rationem
1852 1427 2378 1495 Philostratorum
2432 1428 2627 1496 libros
2682 1430 2911 1513 dijudi-

469 1535 655 1601 candi
728 1535 783 1600 si
844 1535 983 1617 quis
1041 1535 1366 1616 ingressus
1431 1535 1555 1599 erit
1618 1553 1826 1614 unam,
1898 1536 2106 1600 omnia
2168 1536 2324 1602 haec
2382 1556 2576 1618 opera
2639 1538 2718 1603 ab
2781 1557 2909 1604 uno

469 1642 814 1724 eodemque
856 1641 1165 1722 scriptore
1210 1658 1348 1706 esse
1394 1639 1680 1706 confecta
1734 1659 1858 1706 non
1914 1642 2151 1723 poterit
2204 1660 2544 1723 perperam
2599 1662 2721 1709 non
2764 1663 2909 1710 cen-

468 1766 641 1828 sere3
689 1753 870 1813 tanta
913 1746 1078 1813 enim
1122 1752 1222 1812 est
1264 1747 1600 1828 conspicua
1627 1746 1875 1812 dicendi
1919 1748 2170 1828 generis
2215 1748 2558 1815 similitudo
2601 1749 2666 1815 in
2710 1748 2906 1827 libris,

468 1872 623 1937 quos
665 1872 859 1935 supra
900 1853 1401 1919 commemoravi.
1487 1854 1624 1930 Quo
1664 1852 1907 1919 factum
1951 1859 2077 1933 est,
2147 1861 2225 1919 ut
2278 1871 2395 1935 ego
2440 1873 2686 1937 quoque
2730 1856 2908 1923 initio

467 1966 761 2042 putarem
817 1959 1152 2026 Heroicum
1208 1966 1275 2024 et
1332 1959 1645 2040 Imagines
1703 1958 1946 2040 priores
2004 1966 2070 2024 et
2137 1960 2306 2042 ipsas
2362 1979 2488 2025 una
2562 1979 2705 2027 cum
2776 1963 2908 2028 vita

469 2066 780 2148 Apollonii
824 2072 891 2132 et
930 2067 1078 2131 vitis
1108 2064 1532 2146 sophistarum
1577 2113 1965 2131 .......
2009 2065 2382 2131 Philostrati
2403 2065 2483 2135 ΙΙ,
2525 2084 2683 2132 esse.
2749 2067 2905 2132 Rem

467 2180 686 2240 autem
727 2174 961 2239 iterum
1005 2180 1198 2254 atque
1254 2171 1507 2253 saepius
1565 2176 2005 2253 perscrutatus
2063 2172 2362 2238 nonnulla
2412 2172 2476 2237 in
2530 2172 2799 2238 Heroico
2841 2178 2906 2238 et

466 2278 849 2362 Imaginibus
888 2278 1204 2360 prioribus
1245 2278 1476 2355 inveni,
1523 2282 1592 2343 et
1634 2295 1797 2359 quae
1836 2311 1912 2323 —
1957 2295 2157 2357 genus
2186 2277 2431 2343 dicendi
2462 2278 2517 2343 si
2546 2275 2904 2360 spectes—

467 2386 813 2454 abhorrent
854 2403 893 2450 a
935 2384 1115 2450 libris
1179 2383 1545 2449 Philostrati
1585 2382 1686 2463 11.,
1755 2388 1822 2448 et
1863 2401 2025 2464 quae
2068 2389 2182 2450 aut
2222 2382 2412 2450 rebus
2456 2385 2522 2449 in
2563 2383 2691 2450 illis
2734 2383 2905 2450 libris

471 2493 777 2576 expositis
820 2492 1138 2559 contraria
1176 2496 1294 2571 aut,
1345 2490 1697 2556 imitatione
1762 2490 1907 2556 inde
1967 2509 2272 2573 expressa
2331 2490 2644 2558 videntur.
2725 2491 2904 2556 Prius

471 2606 686 2665 tamen
729 2618 916 2682 quam
961 2599 1117 2664 haec
1163 2617 1494 2679 exponam,
1582 2597 1761 2662 velim
1806 2598 1956 2662 mihi
1999 2599 2188 2663 liceat
2230 2617 2304 2663 ex
2348 2598 2662 2663 nonnullis
2704 2596 2907 2664 Philo-

471 2712 818 2773 stratorum
871 2705 1123 2787 scriptis
1178 2705 1348 2770 inter
1412 2723 1481 2770 se
1546 2704 1791 2770 collatis
1863 2704 2232 2786 gravissima
2295 2721 2598 2786 quaeque,
2670 2709 2743 2769 ut
2775 2690 2905 2785 Jam

474 2831 669 2895 supra
705 2812 852 2892 dixi,
897 2811 1147 2893 afferre,
1192 2830 1315 2894 quo
1357 2812 1583 2877 melius
1630 2811 1915 2892 cognosci
1960 2811 2175 2892 possit,
2218 2829 2341 2876 non
2381 2809 2473 2875 ita
2516 2815 2691 2876 recte
2712 2809 2904 2889 Berg-

472 2918 645 2984 kium
708 2916 790 2983 de
853 2917 1135 2985 oratione
1193 2918 1258 2983 in
1317 2918 1584 2984 Heroico
1645 2925 1711 2983 et
1772 2916 2150 2999 Imaginibus
2205 2915 2517 2998 prioribus
2569 2914 2903 2982 observata

468 3025 805 3107 judicasse.

1636 3211 1745 3278 IV.

526 3372 642 3448 De
693 3371 1397 3448 Philostratorum
1458 3368 1854 3465 operibus
1907 3368 2130 3446 inter
2178 3390 2269 3446 se
2321 3366 2853 3465 comparatis.

646 3557 855 3638 Atque
897 3553 1179 3620 ordinem
1222 3551 1400 3634 quasi
1443 3551 1680 3617 ducant

769 3660 953 3727 Vita
996 3657 1416 3740 Apollonii
1675 3664 1743 3724 et
1895 3657 2114 3723 vitae
2156 3655 2737 3737 sophistarum:

561 3768 738 3853 8(8),
781 3770 863 3832 69
892 3767 1046 3848 (22),
1091 3766 1212 3829 123
1243 3761 1646 3849 (24)ἄξισν
1827 3767 1908 3829 64
1950 3765 2086 3846 (22)
2138 3760 2379 3839 ἄξιον
2420 3763 2506 3829 δὲ
2546 3762 2746 3847 μηδὲ
2789 3810 2802 3826 .
2835 3808 2850 3825 .
2883 3810 2898 3825 .

479 3875 567 3940 δὲ
608 3874 811 3958 μηδὲ
857 3922 874 3938 .
920 3921 936 3936 .
983 3920 996 3935 .
1044 3872 1520 3958 παρελθεῖν
1745 3918 1760 3935 .
1807 3918 1821 3935 .
1866 3871 2339 3957 παρελθεῖν

621 4046 674 4114 1)
711 4044 792 4099 Fl.
866 4044 1229 4112 Philostrati,
1306 4060 1447 4112 quae
1523 4048 1872 4113 supersunt.
1915 4085 1925 4097 .
1967 4082 1982 4097 .
2027 4042 2112 4097 ed.
2172 4042 2229 4098 O.
2289 4042 2350 4096 L.
2408 4042 2639 4110 Kayser.
2716 4040 2900 4096 Turici

475 4138 916 4195 MDCCCXLIV.
979 4139 1161 4194 Praef.
1226 4156 1356 4209 pag.
1407 4138 1679 4194 XXXIII.
1752 4137 1893 4193 Ibid.
1950 4138 2200 4192 Prooem.
2253 4137 2450 4191 Neron.
2510 4152 2639 4207 pag.
2678 4137 2783 4191 355
2843 4143 2898 4192 et

482 4233 693 4303 „Notae
730 4233 787 4290 in
825 4234 1131 4289 Neronem“
1173 4250 1304 4304 pag.
1346 4234 1453 4289 373
1493 4249 1609 4301 sqq.

618 4328 676 4397 2)
713 4329 848 4384 Cum
885 4328 1106 4385 brevior
1142 4328 1219 4383 sit
1262 4328 1466 4393 „Nero“
1508 4344 1674 4395 quam
1722 4333 1789 4382 ut
1840 4344 1960 4382 cum
2011 4326 2138 4380 aliis
2176 4325 2643 4380 Philostratorum
2681 4324 2898 4395 scriptis

477 4423 786 4492 comparari
821 4422 1016 4493 possit,
1082 4422 1251 4479 Suida
1307 4428 1455 4478 teste
1512 4430 1571 4477 et
1629 4439 1698 4477 ex
1757 4422 1853 4476 illo
1909 4422 1967 4476 in
2028 4421 2179 4491 „vita
2218 4420 2528 4490 Apollonii“
2588 4419 2898 4476 testimonio

484 4533 616 4588 pag.
657 4518 760 4573 179
791 4520 867 4589 (1)
907 4518 1152 4590 Bergkio
1191 4524 1420 4576 auctore
1457 4518 1547 4574 hic
1585 4517 1805 4573 libellus
1844 4516 2183 4572 Philostrato
2220 4516 2266 4571 I.
2305 4520 2392 4572 est
2428 4514 2753 4572 reddendus.
