3109 5142
1461 378 1870 445 ...45-

437 555 551 624 sed
593 552 798 626 causis
852 558 1245 627 extrinsecus
1297 559 1510 627 allatis
1567 560 1746 643 quasi
1796 559 2092 643 poscitur.
2180 561 2266 627 At
2307 561 2515 627 minus
2545 561 2678 643 jam
2722 566 2879 643 apta

440 684 582 731 esse
627 666 775 730 mihi
818 666 1070 734 videtur
1111 667 1333 733 eadem
1374 669 1438 732 in
1482 666 1866 749 Imaginibus
1906 668 2098 749 prior.
2145 669 2450 734 narratio.
2538 670 2881 753 Descripta

441 772 605 836 enim
651 772 855 839 insula
894 773 1073 853 ignes
1115 779 1447 839 eructante
1494 792 1618 838 non
1661 773 1945 856 pluribus
1980 774 2112 856 jam
2155 773 2273 839 hac
2318 774 2396 839 de
2441 793 2514 839 re
2556 793 2711 857 opus
2736 785 2881 843 erat

440 877 665 944 verbis,
753 880 877 946 Sed
928 899 1084 961 prae
1142 899 1213 946 se
1267 880 1479 947 ferens
1529 881 1858 946 scientiam
1901 917 1980 926 —
2025 897 2167 946 meo
2211 879 2446 963 judicio
2501 880 2788 962 inprimis
2839 902 2879 949 e

438 983 571 1049 vita
613 986 921 1066 Apollonii
965 987 1313 1068 profectam
1361 1023 1436 1034 -
1482 988 1695 1069 pergit
1736 987 1961 1052 deinde
2005 986 2431 1052 Philostratus
2473 987 2617 1054 HL:

605 1098 767 1169 »καὶ
808 1096 1209 1180 φιλοσοφεῖν
1249 1095 1632 1183 βουλομένῳ
1677 1091 1759 1158 τοὶ
1803 1097 2142 1158 τοιαῦτα“
2191 1092 2447 1158 imitans
2489 1093 2599 1158 illa
2636 1094 2700 1159 in
2744 1095 2880 1160 vita

441 1197 755 1278 Apollonii
797 1197 1021 1265 verba:
1100 1195 1344 1278 »αὐτοὶ
1398 1199 1475 1266 δὲ
1528 1195 1599 1276 ἒς
1655 1201 2164 1280 πιθανωτέρους
2225 1191 2601 1283 ἀφικέσθαι
2640 1198 2882 1282 λόγους

437 1309 548 1370 καὶ
591 1302 1054 1390 προσήκοντας
1091 1314 1230 1383 τοῖς
1270 1308 1836 1394 φιλοσοφοῦσιν“.

609 1436 683 1517 b)
728 1435 903 1514 Quae
946 1434 1026 1502 de
1072 1436 1403 1503 Memnone
1445 1436 1509 1502 in
1555 1443 1825 1519 utroque
1867 1434 2027 1501 libro
2072 1440 2660 1517 commemorantur,
2716 1438 2876 1504 haec

438 1547 586 1609 sunt

679 1646 859 1714 Vita
905 1649 1357 1731 Apollonii:

515 1755 641 1819 208
676 1755 775 1838 (5)
817 1747 1012 1832 Ἠοῦς
1053 1759 1177 1839 μὲν
1219 1755 1442 1822 παῖδα
1487 1780 1596 1838 γε-

437 1863 685 1926 νέσθαι
727 1855 933 1928 αὐτόν
979 1861 1359 1945 (Μέμνονα)
1416 1857 1597 1929 ἄπο-

432 1971 679 2032 θανεῒν
742 1966 819 2034 δὲ
885 1962 1003 2034 οὖκ
1067 1962 1143 2035 ἕν
1188 1974 1425 2057 Τροίᾳ,
1497 1964 1599 2034 ὅτι

433 2071 601 2155 μηδὲ
696 2069 1073 2159 ἀφικέσθαι
1164 2070 1233 2150 ές
1321 2081 1598 2160 Τροίαν,

435 2173 578 2242 ἀλλ’
649 2174 723 2244 ἕν
787 2177 1142 2268 Αἰθιοπία
1208 2182 1597 2265 τελευτῆσαι

432 2283 935 2367 βασιλεύσαντα
981 2335 996 2350 .
1044 2338 1057 2350 .
1103 2338 1116 2350 .

515 2392 640 2456 208
695 2392 831 2473 (15)
917 2389 1004 2457 τὸ
1093 2391 1180 2456 δὲ
1261 2385 1597 2474 ἄγαλμα

433 2494 925 2583 τετράφθαι
1007 2501 1209 2583 πρὸς
1290 2492 1597 2562 ἆκτῒνα

433 2601 671 2686 μήπω
726 2602 1219 2684 γενειάσκον
1263 2651 1595 2670 ......

515 2710 639 2773 208
656 2709 791 2790 (20)
814 2708 890 2775 τὸ
920 2709 997 2776 δὲ
1025 2718 1245 2793 σχῆμα
1274 2717 1471 2776 τοῦτο
1498 2758 1511 2772 .
1539 2761 1552 2775 .
1581 2759 1594 2772 .

495 2865 507 2879 .
558 2866 571 2880 .
616 2813 731 2879 τὸν
829 2816 952 2898 μὲν
1056 2811 1258 2881 ἄλλον
1359 2817 1599 2901 χρόνον

432 2912 630 3003 ἧττον
673 2918 1032 3005 θαυμάσαι
1090 2928 1326 3008 φασίν,
1375 2968 1596 2987 ......

435 3024 1081 3112 προσβαλούσης
1112 3028 1204 3094 δὲ
1245 3026 1330 3093 τὸ
1363 3024 1597 3107 ἄγαλ-

433 3155 544 3215 μα
607 3134 748 3217 τῆς
810 3129 1190 3212 α’κτῒνος,
1271 3138 1455 3199 τουτὶ
1521 3133 1600 3198 δὲ

435 3243 796 3319 γίγνεσθαι
832 3244 993 3325 περὶ
1039 3234 1228 3325 ἣλίου
1250 3235 1531 3306 ἕπιτολά
1544 3263 1597 3315 ς,

433 3342 522 3426 μὴ
551 3352 912 3427 κατασχεῖν
932 3343 1007 3411 τό
1029 3350 1295 3430 θαῦμα,
1343 3348 1506 3430 φθέ
1521 3370 1595 3425 γ·-

437 3450 752 3524 ξασθαι
795 3453 941 3534 μὲν
982 3450 1134 3536 γάρ
1175 3459 1596 3535 παραχρῆ-

434 3579 543 3639 μα
588 3556 730 3640 τῆς
787 3550 1128 3632 ἀκτῖνος
1190 3553 1547 3640 έλθοῦση
1571 3581 1601 3632 ς

436 3656 651 3749 αὐτῷ
708 3657 853 3727 ἐπὶ
896 3661 1198 3747 στόμα,
1270 3661 1602 3748 φαιδροὺς

438 3767 514 3832 δὲ
600 3766 871 3833 ἱστάναι
963 3768 1113 3845 τούς
1196 3763 1599 3854 ὀφθαλμοῦς

436 3870 631 3948 δόξαι
687 3870 855 3959 πρὸς
924 3873 997 3938 τὸ
1060 3882 1225 3960 φῶς,
1295 3873 1408 3940 οἶα
1469 3882 1599 3961 τῶν

435 3971 816 4060 ἀνθρώπων
863 3978 928 4044 οἱ
974 3976 1246 4066 εὖήλιοι.

1894 1649 2292 1732 Imagines
2333 1647 2675 1729 priores:

1781 1758 1905 1822 304
1943 1755 2084 1840 (28)
2173 1760 2525 1841 θρηνεῒται
2588 1755 2666 1822 δὲ
2713 1760 2871 1823 Μέ-

1698 1885 1878 1944 μνων
1919 1855 1955 1927 ὅ
2000 1871 2112 1947 τῆς
2156 1858 2376 1938 Ἠοῦς.
2421 1870 2659 1929 τοῦτον
2702 1859 2872 1948 ἄφι-

1697 1964 1971 2051 κόμενον
2016 1961 2268 2051 οἷμῦναι
2313 1977 2386 2059 τῇ
2435 1974 2649 2057 Τροίᾳ
2692 1975 2873 2035 κτεί-

1700 2097 1818 2151 νει,
1864 2079 2099 2158 φασίν,
2146 2069 2180 2139 ὃ
2226 2082 2343 2141 τοῦ
2386 2076 2675 2158 Πηλέως.
2720 2124 2735 2139 .
2787 2128 2800 2141 .
2857 2126 2873 2141 .

1699 2175 1941 2244 σκόπει
1999 2176 2150 2264 γαρ,
2197 2174 2354 2256 ὅσος
2416 2186 2632 2247 κεῖται
2694 2179 2869 2247 κατὰ

1698 2283 1812 2369 τῆς
1854 2293 1971 2368 γῆς
2020 2332 2281 2351 .....
2327 2286 2400 2351 αἱ
2425 2287 2502 2352 δὲ
2543 2292 2870 2371 μετέωροι

1700 2389 2016 2473 δαίμονες
2077 2386 2245 2467 Ἠώς
2318 2388 2438 2458 ἐπὶ
2502 2401 2591 2481 τῷ
2659 2394 2871 2460 παιδὶ

1700 2501 2059 2562 πενθοῦσα
2130 2506 2388 2581 κατηφῆ
2476 2507 2669 2565 ποιεῖ
2744 2498 2868 2564 τὸν

1685 2599 1917 2667 “Ἠλιον
1977 2606 2089 2666 καὶ
2155 2600 2372 2668 δεῖται
2435 2611 2547 2688 τῆς
2610 2601 2869 2681 Νυκτὸς

1699 2703 2083 2794 ἀφικέσθαι
2130 2706 2263 2793 πρὸ
2316 2710 2554 2794 καιροῦ
2599 2760 2612 2774 .
2658 2759 2673 2774 .
2719 2759 2735 2776 .
2782 2762 2795 2775 .
2850 2761 2865 2776 .

1697 2819 1837 2880 καὶ
1951 2811 2190 2891 ἰδού,
2317 2811 2871 2883 ἕκκέκλεπται

1695 2926 1832 2987 καὶ
1876 2918 2108 2986 ἔστιν
2143 2915 2280 2985 ἐπὶ
2325 2925 2684 3005 τέρμασι
2727 2923 2869 3005 τῆς

1698 3035 2023 3112 γραφῆς
2066 3075 2080 3089 .
2131 3078 2144 3092 .
2192 3076 2205 3090 .
2262 3024 2528 3112 τάφος
2614 3022 2866 3094 οὖδα-

1696 3140 1847 3217 μοῦ
1891 3136 2367 3216 Μέμνονος,
2449 3128 2483 3197 ὃ
2549 3133 2638 3199 δὲ
2697 3139 2868 3202 Μέ-

1695 3264 1911 3322 μνων
1974 3234 2062 3303 ἐν
2105 3235 2568 3329 Αἰθιοπίᾳ,
2611 3264 2870 3323 μετα-

1696 3338 2228 3429 βεβληκᾱὶςές
2255 3345 2501 3409 λίθον
2528 3346 2872 3428 μέλανα,

1696 3454 1808 3515 καὶ
1864 3453 1939 3515 τὸ
1984 3454 2203 3535 σχῆμα
2270 3452 2393 3533 μὲν
2452 3455 2873 3535 καθημένου,

1698 3553 1773 3621 τὸ
1818 3555 1894 3621 δὲ
1937 3554 2116 3632 εἶδος
2159 3551 2398 3633 έκεῖνο,
2449 3554 2658 3640 οἶμαι,
2722 3564 2874 3623 καὶ

1699 3660 2239 3748 προσβάλλει
2296 3664 2400 3751 τῷ
2442 3657 2875 3747 ἀγάλματι

1698 3761 2016 3851 ἣᾶκτὶς
2065 3763 2562 3834 τοῦίΗλίου·
2632 3768 2878 3836 δοκεῖ

1697 3874 1847 3958 γάρ
1895 3870 2240 3949 ὃ“Ἠλιος
2297 3873 2564 3940 οἱονεὶ
2618 3875 2868 3960 πλῆκ-

1695 4003 1895 4065 τρον
1975 3984 2187 4044 κατὰ
2282 3979 2549 4064 στόμα
2621 3977 2868 4065 ἐμπί-

1695 4090 2441 4175 πτωντῷΜέμνονι
2482 4081 2866 4153 ἐκκαλεῖ-

1694 4197 1901 4257 σθαι
1947 4189 2221 4277 φωνὴν
2276 4188 2611 4258 ἐκεῖθεν
2656 4243 2669 4257 .
2719 4244 2732 4257 .
2780 4243 2795 4258 .
2850 4245 2866 4259 .

604 4370 967 4453 Apollonius
1021 4373 1087 4437 in
1139 4372 1489 4440 Memnonis
1552 4392 1801 4440 sacrum
1857 4373 2133 4439 traditur
2188 4374 2455 4452 venisse,
2526 4371 2633 4438 ubi
2677 4374 2869 4441 huius

437 4479 816 4577 Aethiopum
857 4479 1028 4575 regis
1073 4486 1214 4546 erat
1255 4499 1482 4555 sonans
1524 4481 1637 4547 illa
1677 4487 1909 4551 statua.
2008 4481 2264 4551 Occasio
2302 4480 2498 4564 igitur
2539 4477 2620 4546 de
2663 4482 2867 4550 Mem·
