3109 5142
472 569 587 639 sed
648 570 949 636 restituto
1012 570 1147 636 loco
1211 567 1548 651 legendum
1605 588 1745 637 esse
1797 570 1923 635 ita:
1986 571 2204 647 „mals
2175 592 2495 656 οστρατος
2553 563 2587 634 ὃ
2643 577 2906 652 πρῶτος

476 725 738 741 .....
782 672 924 744 ἐπὶ
966 681 1311 759 Νέρωνα
1355 675 1641 765 ἔγραψε,
1697 676 1997 757 λόγοις
2154 678 2337 759 ‘(=
2387 675 2639 757 scripsit
2683 682 2905 741 contra

472 780 851 865 Neronem),
912 782 1368 865 explicaturum
1428 785 1594 848 enim
1638 784 2078 848 nonneminem
2118 782 2481 866 „7eyova59‘
2483 781 2897 862 ‘addidisse3

472 906 675 970 aeque
718 888 1131 971 depravatum
1169 908 1327 969 esse,
1373 895 1604 969 monet,
1664 889 1818 955 illud
1862 891 1924 953 in
1970 889 2350 971 Imaginibus
2394 895 2556 970 post.
2616 889 2899 954 testimo·

472 995 664 1076 nium,
725 993 891 1077 quod
944 994 1131 1076 paulo
1187 1012 1381 1076 supra
1438 995 1661 1074 attuli;
1727 1013 1871 1059 nam
1930 1014 2043 1076 pro
2101 993 2663 1083 ,,μητροπάτορι“
2719 993 2904 1059 resti-

474 1100 776 1166 tuendam
822 1119 961 1166 esse
1010 1118 1224 1165 vocem
1269 1104 1616 1188 „pnvqwtqc
1661 1100 1762 1164 vel
1804 1099 2122 1190 μητρῴῳ(
2164 1101 2263 1185 (=
2301 1100 2628 1180 avuncule,
2672 1099 2905 1163 sororis

474 1205 647 1289 filio).
757 1206 1018 1271 Meursii
1090 1206 1469 1286 conjectura,
1546 1206 1654 1286 qui
1726 1224 1871 1286 pro:
1945 1204 2456 1292 ,,Φιλόστρατος
2525 1209 2902 1291 Νερβιανοῦ

475 1308 1036 1396 ἆδελφόπαιδος“
1101 1310 1562 1375 emendandum
1607 1329 1745 1376 esse
1810 1316 2059 1376 censet:
2108 1359 2401 1390 .....
2405 1307 2906 1393 sesamum&

474 1417 743 1499 probata
772 1420 1088 1498 repugnat
1121 1415 1254 1496 jam
1284 1415 1573 1481 Olearius
1602 1416 1842 1497 Vossi0,
1887 1417 1928 1481 J
1930 1418 2124 1496 onsio,
2169 1417 2466 1496 Meursio,
2512 1414 2908 1481 Tillemontio

476 1521 557 1587 de
586 1528 846 1588 auctore
879 1522 1149 1586 vitarum
1190 1520 1634 1601 sophistarum,
1674 1528 1867 1603 atque
1910 1521 2025 1587 has
2054 1522 2439 1587 Philostrato
2470 1520 2572 1600 11.,
2616 1520 2909 1601 scriptori

475 1627 648 1693 vitae
699 1627 1030 1710 Apollonii,
1096 1625 1452 1692 reddendas
1516 1645 1657 1694 esse
1714 1626 1961 1709 judicat
2028 1647 2228 1710 aeque
2292 1634 2484 1710 atque
2548 1626 2907 1704 Heroicum,

466 1733 795 1815 -Imagines
838 1733 1050 1814 prior.,
1095 1733 1416 1815 Epistulas
1461 1734 1747 1816 exceptis
1791 1734 1918 1804 illis
1961 1734 2042 1799 ad
2069 1734 2413 1816 ·Aspasiam
2461 1733 2713 1814 litteriS‚
2752 1752 2909 1817 quas

477 1857 604 1905 una
647 1858 788 1907 cum
826 1838 1208 1921 Imaginibus
1250 1840 1582 1921 posterior.
1630 1839 1922 1906 Olearius
1966 1839 2352 1907 Philostrato
2391 1840 2503 1906 III.
2551 1839 2792 1906 tribuit.

484 1968 488 1973 ’
1460 1970 1607 2036 Val
1626 1971 1796 2036 esiu
1811 1990 1842 2036 s
1868 1973 1916 2051 1)

479 2084 700 2143 autem
768 2078 1041 2144 vitarum
1103 2076 1525 2158 sophistarum
1591 2083 1915 2143 auctorem
1984 2082 2173 2159 putat
2238 2096 2377 2142 esse
2442 2077 2728 2157 eundem,
2804 2077 2912 2159 qui

480 2183 678 2249 vitam
702 2183 1030 2274 Apollonii
1053 2184 1394 2248 memoriae
1423 2174 1842 2262 mandaverit,
1885 2183 2074 2265 idque
2105 2183 2460 2249 confirmari
2503 2184 2609 2248 illo
2652 2184 2716 2248 in
2762 2183 2911 2248 vitis

479 2288 905 2371 sophistarum
962 2289 1095 2354 loco
1154 2293 1231 2353 77
1279 2291 1406 2372 (6):
1471 2295 1718 2366 »τοῦτο
1772 2292 1896 2373 μὲν
1949 2287 2027 2373 δή
2084 2285 2371 2365 ὁπόσοις
2413 2289 2694 2376 τρόποις
2739 2285 2907 2355 ἀπί-

487 2401 733 2474 θανον,
777 2396 1033 2480 εἴρηται
1078 2394 1310 2479 σαφῶς
1366 2393 1443 2460 ἐν
1496 2402 1638 2470 τοῖς
1679 2390 1748 2470 ἐς
1781 2390 2310 2459 Ἀπολλώνιον.“
2394 2395 2716 2475 Epistulas
2760 2413 2909 2460 vero

481 2500 649 2566 haud
706 2500 895 2565 dubie
941 2499 1309 2565 Philostrati
1352 2499 1522 2582 (ΙΙΙ.)
1563 2500 1806 2563 Lemnii
1872 2517 2031 2578 esse,
2101 2507 2294 2580 atque
2358 2498 2437 2563 ab
2504 2499 2621 2563 hoc
2687 2499 2905 2564 eodem

483 2607 823 2672 Heroicum
886 2612 952 2670 et
993 2606 1309 2686 Imagines
1352 2605 1651 2688 (priores)
1719 2623 1859 2671 esse
1924 2605 2248 2671 confectas
2282 2604 2697 2670 Menandrum
2763 2604 2907 2669 rhe-

484 2718 688 2791 torem
730 2710 959 2777 docere
993 2710 1278 2776 Valesius
1323 2718 1565 2792 monet;
1610 2718 1872 2794 praeter
1912 2712 2026 2778 hos
2069 2711 2264 2777 fuisse
2308 2712 2500 2777 etiam
2531 2711 2735 2776 alium
2763 2710 2907 2776 Phi-

484 2817 840 2898 lostratum,
905 2816 1069 2895 Phil.
1113 2817 1359 2883 Lemnii
1414 2837 1491 2883 ex
1549 2817 1678 2884 filia
1731 2825 2027 2901 nepotem
2072 2820 2332 2901 ejusque
2374 2818 2726 2899 Imaginum
2769 2834 2908 2883 esse

485 2923 760 2989 alterum
796 2940 971 3003 opus,
1056 2921 1269 3003 Atque
1310 2921 1468 2989 haec
1510 2922 1767 3005 quidem
1807 2922 1887 2989 de
1929 2923 2199 2990 Valesio.

651 3028 993 3095 Veniamus
1025 3029 1158 3111 Jam
1201 3028 1282 3094 ad
1329 3047 1422 3108 ea,
1464 3047 1626 3111 quae

1481 3157 1643 3239 Hey
1661 3158 1841 3223 nius
1869 3160 1924 3240 2)

487 3269 933 3331 commemorat
975 3262 1072 3329 his
1112 3262 1193 3328 de
1234 3263 1552 3344 sophistis.
1624 3265 1834 3345 Atque
1876 3270 2135 3344 praeter
2175 3263 2595 3345 antiquiorem
2636 3263 2912 3345 aliquem

485 3371 605 3439 sub
645 3370 899 3436 Nerone
941 3369 1267 3435 rhetorem
1308 3369 1466 3435 duos
1508 3368 1701 3434 fuisse
1743 3368 1843 3434 hic
1896 3374 2075 3435 tenet
2116 3370 2562 3449 Philostratos3
2627 3387 2666 3433 a
2707 3369 2914 3435 Philo-

490 3481 697 3543 strato
739 3476 822 3541 ΙΙ.
866 3476 1167 3557 scriptam
1211 3493 1351 3541 esse
1397 3475 1592 3541 vitam
1621 3475 1951 3556 Apollonii,
1993 3475 2326 3557 Imagines,
2371 3474 2726 3554 Heroicum,
2771 3473 2914 3538 Phi-

487 3585 755 3649 lostrato
797 3581 910 3648 111.
968 3586 1185 3646 autem
1226 3579 1583 3647 reddendas
1630 3598 1769 3646 esse
1812 3582 1974 3647 vitas
2024 3581 2446 3664 sophistarum
2493 3587 2561 3646 et
2598 3580 2913 3661 Imagines

402 3704 409 3711 ’
474 3691 946 3787 (Ροεῖθτίοτθε).

1016 3818 1347 3902 Theoph.
1396 3780 1855 3901 Christoph.
1895 3819 2314 3884 Harlesius
2338 3818 2392 3901 ³)

490 3945 642 3993 vero
682 3925 839 3992 duos
881 3925 1213 4007 distinguit
1253 3926 1689 4008 Philostratus,
1733 3945 1998 4008 quorum
2037 3925 2147 3991 uni
2190 3925 2384 3991 vitam
2414 3924 2743 4006 Apollonii,
2788 3924 2913 3988 He·
2947 4024 2960 4035 ο

646 4129 702 4198 1)
741 4128 915 4183 Henr.
935 4126 1148 4183 Valesii
1185 4129 1397 4184 emend.
1432 4128 1529 4184 lib.
1569 4129 1637 4185 V.
1674 4128 1758 4183 ed.
1796 4127 1859 4182 P.
1899 4127 2232 4182 Burmanno.
2304 4054 2582 4185 Amzterd.
2619 4125 2912 4183 MDCCXL

490 4238 623 4295 pag.
659 4223 748 4290 59,
791 4222 908 4276 100.

639 4320 694 4384 2)
734 4317 832 4372 Ch.
869 4316 1047 4371 Gottl.
1088 4315 1307 4384 Heyne:
1348 4314 1627 4385 Opuscula
1664 4316 1906 4371 academ.
1947 4316 2016 4373 V.
2053 4332 2186 4388 pag.
2225 4315 2308 4370 12.
2349 4314 2659 4385 Giittingen
2701 4315 2858 4372 1785.

600 4414 694 4483 ·3)
730 4413 833 4468 Th.
869 4412 964 4467 Ch.
1003 4410 1237 4466 Harles:
1304 4409 1652 4465 Introductio
1710 4409 1769 4466 in
1823 4410 1954 4467 hist.
2011 4410 2241 4482 linguae
2300 4411 2567 4481 Graecae,
2622 4427 2752 4483 pag.
2791 4412 2913 4468 421.

460 4507 807 4580 ,altenburg
845 4506 1004 4564 1792.
