3109 5142
1447 395 1858 464 ...30-

604 569 838 637 Vitae
880 570 1417 654 sophistarum

520 679 644 742 106
666 676 803 760 (24)
848 673 999 754 ἔξω
1023 685 1314 765 καιροῦ
1343 675 1597 746 ἕνοεῒτο

521 997 642 1060 110
680 996 816 1076 (16)
899 960 1235 1062 {leaena}
1310 993 1393 1061 τοὶ
1460 1003 1601 1081 τῆς

434 1094 766 1186 ἡλικίας
807 1106 1129 1188 φαίνεται

520 1314 639 1379 124
701 1315 839 1396 (23)
943 1311 1365 1381 ἀνασείων
1465 1313 1601 1400 τὴν

431 1425 673 1509 χεῖρα

1611 577 1678 638 et

1901 569 2289 650 Imagines
2331 567 2672 651 priores:

1781 678 1903 743 317
1950 677 2046 761 (3)
2097 674 2411 763 ἔρριπται
2458 724 2473 739 .
2522 723 2538 739 .
2584 670 2670 754 ὦς
2713 673 2867 751 ἔξω

1698 792 1842 851 τοῦ
1891 783 2201 870 καιροῦ

1782 998 1906 1062 300
1953 995 2047 1080 (6)
2119 993 2482 1073 ἐλεεινός
2545 998 2668 1081 μὲν
2729 1002 2866 1079 τῆς

1698 1096 2014 1187 ἡλικίας

1781 1316 1903 1379 348
1957 1314 2094 1398 (11)
2180 1313 2278 1380 τώ
2359 1321 2586 1403 χεῖρε
2662 1297 2857 1382 εἶνα-

1699 1426 2085 1487 σείουσιν

598 1619 695 1684 Ne
737 1619 852 1685 sim
899 1619 1164 1701 multus3
1207 1620 1615 1687 conferantur
1655 1619 1923 1704 denique
1965 1621 2134 1686 inter
2174 1639 2245 1687 se

804 1743 1193 1810 Hernicus
1591 1750 1658 1810 et

516 1850 641 1913 129
683 1848 821 1930 (20)
910 1848 985 1915 τό
1067 1859 1379 1937 τρυγᾶν
1457 1847 1597 1935 οἷμ-

434 1955 774 2048 πέλους,

522 2169 637 2231 133
682 2169 817 2251 (27)
862 2167 933 2234 ἐκ
974 2169 1370 2252 λειμῶνος
1411 2165 1596 2254 ἄκη-

432 2293 693 2357 ρατου

516 2490 628 2552 141
691 2488 828 2569 (17)
911 2492 1436 2576 περιτριψας
1522 2488 1598 2555 δὲ

430 2589 596 2659 αὖτό
642 2589 677 2659 ὃ
719 2590 1012 2681 χρόνος

512 2807 635 2870 146
713 2805 850 2890 (12)
957 2800 995 2891 ἣ
1078 2801 1595 2893 εὐαρμοστία

428 2920 568 2978 τοῦ
612 2912 985 2995 σώματος

512 3127 634 3190 150
689 3124 826 3207 (28)
912 3124 987 3189 τό
1068 3127 1191 3206 μὲν
1276 3119 1368 3191 οὗ
1452 3124 1593 3210 χρὴ

425 3228 898 3313 θαυμάζειν
941 3279 956 3294 .
1001 3277 1016 3292 .
1062 3277 1077 3292 .

509 3444 631 3507 156
676 3442 814 3526 (27)
879 3440 1122 3523 λόγου
1166 3440 1244 3515 ἐς
1287 3437 1594 3517 αὐτοὺς

425 3543 771 3640 ἥκοντος

512 3764 632 3827 158
673 3759 767 3843 (6)
814 3759 1042 3848 ὥσπερ
1088 3757 1252 3826 ἀπό
1297 3757 1595 3845 συνθή-

418 3891 674 3950 ματος

509 4082 789 4162 113ῌῷ8)
837 4077 1122 4162 ἀγῶνα
1158 4075 1593 4159 Ἀθηναῖοι

429 4186 721 4270 ᾖρανῑῡ

505 4402 621 4462 ΠΒ
689 4402 823 4482 (ΓΞ)
910 4394 1194 4464 ὁπόσα
1278 4395 1362 4473 ἐς
1425 4445 1440 4460 .
1494 4445 1508 4460 .
1570 4445 1585 4460 .

425 4506 657 4592 ἣκεε,
713 4558 781 4570 ..

1864 1742 2260 1825 Imagines
2303 1745 2651 1827 priores:

1783 1852 1906 1915 369
1948 1853 2081 1930 (21)
2192 1852 2651 1940 τρυγῶντας
2740 1851 2865 1928 τὰς

1699 1950 2130 2040 ἆμπέλους

1780 2173 1904 2236 345
1924 2170 2060 2253 (16)
2088 2169 2334 2271 λετμῶ
2352 2193 2436 2235 νε
2454 2194 2507 2247 ς,
2539 2165 2653 2247 οὓς
2681 2165 2859 2255 ἄκη-

1700 2275 2007 2361 ’ράτόυς
2052 2271 2385 2358 ὠνόμαζες

1780 2489 1903 2552 326
1949 2488 2084 2571 (18)
2167 2491 2280 2552 καὶ
2329 2486 2411 2552 τά
2457 2491 2579 2572 μὲν
2621 2512 2859 2574 περι-

1697 2597 2142 2681 τέτριπται
2191 2589 2352 2660 ὑπό
2382 2594 2529 2659 τοῦ
2555 2591 2855 2681 χρόνου

1778 2807 1900 2870 374
1942 2804 2077 2885 (18)
2145 2803 2235 2868 δι’
2277 2801 2861 2892 εὐαρμοστίαν

1695 2918 1835 2977 τοῦ
1880 2908 2254 2994 σώματος

1776 3125 1898 3188 316
1941 3122 2036 3206 (2)
2102 3127 2215 3187 καὶ
2281 3119 2372 3188 οὐ
2436 3121 2579 3208 χρὴ
2643 3128 2856 3187 θαυ-

1692 3227 1982 3313 μάζειν

1774 3445 1896 3506 322
1939 3444 2030 3525 (8)
2100 3439 2346 3521 λόγου
2402 3437 2484 3517 ἕς
2546 3437 2862 3516 αὕτούς

1701 3542 2028 3633 ἥκοντος

1777 3761 1901 3824 368
1932 3759 2066 3839 (15)
2111 3724 2183 3822 022
2215 3757 2292 3823 δὲ
2334 3753 2502 3825 ἀπὸ
2546 3756 2856 3843 συνθή-

1691 3887 1951 3948 ματος

1773 4079 1895 4142 383
1941 4076 2078 4158 (22)
2152 4071 2587 4159 Ἀθηναῖοι
2648 4125 2663 4140 .
2712 4126 2727 4141 .
2775 4125 2790 4140 .
2838 4126 2853 4141 .

1691 4178 1969 4263 ἆγοῑνα
2015 4176 2432 4266 ἀράμενοι

1769 4397 1895 4460 294
1978 4394 2077 4479 (2)
2169 4389 2445 4479 ὁπόση
2529 4389 2602 4472 ἐς
2647 4441 2662 4457 .
2709 4442 2723 4456 .
2774 4441 2787 4456 .
2837 4442 2854 4459 .

1690 4499 1870 4594 ἣκει
1917 4549 1932 4565 .
1980 4550 1995 4565 .
2043 4550 2058 4565 .
