3109 5142
1266 410 1629 473 ..9.-

233 587 533 667 nepotem
597 589 665 649 et
726 583 945 650 Severi
1007 589 1225 650 aetate
1285 581 1602 663 floruisse3
1672 588 1742 650 at
1798 583 2034 665 justius
2097 581 2266 650 inter
2329 580 2663 650 historicos

235 708 465 756 nomen
521 690 754 757 mereri
812 689 1264 756 Philostratum
1306 690 1421 756 111.
1478 689 1581 754 hic
1635 690 1730 755 ‘vir
1787 690 2111 756 existimat
2176 707 2444 772 eumque
2502 690 2667 755 vitas

231 796 659 877 sophistarum
689 795 1062 877 confecisse3
1110 796 1563 863 Philostratum
1596 797 1673 861 11.
1719 802 1933 862 autem
1978 797 2165 879 hujus
2195 814 2337 861 esse
2366 802 2665 878 patruum

237 910 307 968 et
344 920 652 969 socerum.

401 1011 491 1077 Ut
532 990 980 1093 supersedeam
1024 1011 1272 1093 singula
1312 1012 1638 1094 persequi,
1685 1029 1846 1093 quae
1892 1011 2010 1076 hac
2054 1010 2133 1076 de
2179 1011 2547 1093 quaestione

1054 1140 1408 1207 Joannes
1452 1141 1856 1226 Jonsius1)

232 1263 516 1344 protulit,
562 1300 642 1311 —
686 1263 786 1329 hic
828 1264 993 1329 enim
1042 1270 1108 1330 et
1148 1265 1282 1347 ipse
1326 1264 1519 1331 vitam
1568 1264 1878 1347 Apollonii
1923 1263 2309 1330 Philostrato
2352 1263 2454 1343 ΙΙ.,
2501 1262 2666 1329 vitas

232 1368 663 1450 sophistarum
708 1374 924 1435 autem
968 1369 1353 1436 Philostrato
1395 1369 1508 1436 111.
1558 1369 1912 1436 reddendas
1968 1388 2108 1435 esse
2160 1376 2377 1435 censet
2423 1406 2493 1418 -
2534 1369 2668 1451 jam

234 1493 559 1557 exponam,
602 1492 792 1558 quam
838 1477 918 1542 de
961 1475 1060 1542 his
1104 1475 1506 1542 Philostratis
1552 1477 1936 1542 sententiam
1980 1476 2309 1558 aperuerit
2379 1510 2382 1513 ·

954 1606 1226 1673 Nanus
1267 1606 1844 1673 Tillemontius
1866 1608 1939 1688 2).

234 1728 310 1792 At
321 1746 443 1811 que
505 1728 608 1794 hic
670 1729 923 1810 quidem
987 1727 1340 1795 arbitratur
1399 1729 1564 1795 vitas
1628 1730 2053 1811 sophistarum
2110 1729 2342 1795 idcirco
2407 1748 2530 1795 non
2588 1728 2668 1795 ab

241 1842 504 1901 auctore
567 1834 738 1900 vitae
780 1834 1093 1916 Apollonii
1156 1836 1429 1916 scriptas
1494 1854 1635 1900 esse
1702 1835 2039 1902 verisimile
2097 1835 2314 1912 videri,
2381 1835 2546 1917 quod
2602 1835 2667 1901 in

234 1940 367 2004 vita
408 1938 625 2005 Dionis
650 1942 702 2015 ³)
745 1940 1112 2021 Apollonius
1152 1940 1662 2021 reprehendatur
1704 1960 1744 2005 a
1785 1942 2094 2022 scriptore
2138 1941 2413 2006 vitarum
2456 1939 2664 2022 sophi-

235 2050 501 2111 starum.
546 2081 629 2093 —
671 2044 856 2111 Illum
903 2046 1067 2111 enim
1112 2065 1189 2112 ex
1233 2046 1542 2127 dignitate
1584 2046 1938 2127 philosophi
1980 2064 2050 2111 se
2096 2046 2348 2112 minime
2391 2048 2665 2126 gessisse

234 2149 672 2217 Tillemontius
704 2170 919 2218 errore
950 2159 1172 2234 captus
1203 2161 1439 2231 censet,
1486 2152 1547 2216 id
1595 2152 1759 2234 quod
1801 2171 1878 2217 ex
1919 2151 2044 2217 illis
2086 2152 2150 2217 in
2197 2153 2325 2217 vita
2358 2152 2668 2234 Apollonii

235 2257 443 2325 verbis
485 2256 559 2324 V.
607 2260 707 2322 39.
760 2258 1174 2338 intellegitur.
1219 2293 1296 2305 —-
1341 2257 1618 2323 Primum
1686 2258 1886 2325 locum
1942 2257 2164 2323 tribuit
2207 2257 2543 2335 historicus
2588 2257 2667 2337 ei,

236 2363 656 2445 (Philostrato
684 2363 785 2446 1.)‚
844 2364 951 2445 qui
992 2363 1186 2429 vitam
1233 2363 1540 2445 Apollonii
1584 2364 1838 2445 scripsit
1883 2363 2275 2445 eundemque
2320 2363 2670 2444 Imaginum

236 2470 446 2552 prior„
540 2467 794 2533 Heroici
860 2469 1415 2552 Epistularumque
1479 2488 1621 2534 esse
1684 2478 2006 2535 auctorem
2064 2469 2400 2548 existimat,
2465 2468 2671 2534 Philo-

236 2582 444 2641 strato
486 2574 564 2640 ΙΙ.
627 2580 841 2640 autem
885 2575 1320 2641 Tillemontius
1361 2576 1677 2658 Imagines
1737 2582 1900 2657 post.
1967 2573 2288 2656 adjudicat
2352 2581 2417 2641 et
2460 2574 2665 2642 Philo-

238 2688 449 2747 strato
490 2680 601 2746 ΙΙΙ.
648 2679 813 2746 vitas
855 2681 1302 2763 sophistarum.

403 2785 528 2853 Sed
572 2785 729 2852 haec
770 2785 1110 2866 hactenus3

1033 2917 1094 2983 J.
1141 2915 1305 2983 Alb.
1352 2915 1853 2994 Fabricius⁴)

240 3039 403 3122 quod
460 3038 558 3105 his
612 3039 692 3106 de
740 3040 1037 3122 sophistis
1090 3040 1313 3107 fecerit
1348 3041 1673 3122 judicium,
1727 3041 1944 3123 paucis
1978 3042 2112 3124 J'am
2154 3039 2505 3108 absolvam:
2553 3038 2669 3108 Oui

240 3146 374 3212 viro
438 3152 662 3212 auctor
723 3147 893 3212 vitae
953 3146 1278 3229 Apollonii,
1336 3147 1686 3229 Imaginum
1723 3147 1969 3229 prior„
2030 3148 2284 3214 Heroici
2349 3148 2665 3229 Epistula-

240 3270 513 3334 rumque
557 3238 1001 3318 Philostratus
1024 3253 1104 3320 II.
1164 3271 1306 3319 esse
1359 3253 1629 3334 videtur,
1689 3255 1857 3320 vitae
1914 3254 2340 3336 sophistarum
2394 3260 2463 3319 et
2505 3253 2666 3320 Ima-

245 3358 428 3439 gines
473 3363 709 3439 poster.
755 3358 1141 3425 Philostrato
1178 3358 1289 3425 III.
1337 3358 1416 3424 ab
1459 3359 1576 3426 hoc
1619 3359 2072 3426 attribuuntur.

1226 3487 1602 3555 Olearius
1626 3489 1678 3573 ⁶)

242 3608 474 3677 deinde
517 3610 763 3676 exstitit
803 3617 995 3693 atque
1037 3610 1195 3677 haec
1235 3611 1457 3677 attulit
1498 3611 1875 3679 emendandi
1917 3613 2202 3680 consiliat

409 3715 547 3782 Non
594 3724 770 3783 recte
812 3735 883 3781 se
918 3716 1154 3782 habere
1196 3716 1351 3783 illud
1383 3718 1614 3783 Suidae
1656 3721 2114 3786 testimonium:
2156 3719 2670 3804 »Φιλόστρατος

250 3817 285 3887 ὃ
329 3831 594 3907 πρῶτος
638 3871 653 3886 .
701 3872 715 3886 .
764 3872 778 3887 .
827 3872 841 3887 .
885 3822 1173 3905 γεγονώς
1213 3820 1355 3889 ἐπὶ
1397 3828 1806 3910 Νέρωνος,
1851 3823 2115 3915 ἔγραψε
2156 3826 2393 3908 λόγους
2424 3876 2438 3891 .
2474 3875 2489 3891 .
2525 3875 2540 3892 .
2576 3832 2668 3906 .“,

392 4038 447 4106 1)
485 4036 650 4093 Joan.
687 4035 944 4099 Jonsius:
984 4037 1064 4092 De
1103 4035 1462 4108 scriptoribus
1499 4040 1647 4095 Hist.
1686 4040 1879 4109 philos.
1916 4041 2010 4096 lib.
2052 4040 2153 4096 111.
2194 4057 2313 4110 cap.
2352 4040 2513 4096 XIII.

386 4131 443 4197 2)
481 4129 675 4186 Nanus
711 4129 1119 4197 Tillemontius,
1155 4131 1303 4186 Hist.
1342 4131 1469 4202 imp.
1510 4134 1633 4190 vita
1669 4134 1879 4203 Severi,
1918 4134 2164 4191 articula
2200 4135 2491 4191 XXXVII.

386 4224 443 4295 3)
480 4222 582 4281 vit.
620 4224 771 4294 soph.
813 4225 844 4280 7
881 4224 977 4292 (20
1006 4256 1028 4264 -
1050 4224 1161 4295 24).
1224 4225 1484 4296 Singulos
1532 4227 1681 4284 infra
1727 4229 1875 4285 locos
1912 4228 2083 4285 attuli
2121 4245 2189 4284 ex
2226 4228 2471 4285 editione
2508 4229 2567 4285 Ο.
2603 4229 2667 4286 L.

246 4319 501 4388 Kayseri.
577 4318 802 4389 Lipsiae
835 4319 1280 4376 MDCCCLXXI.

387 4413 446 4484 4)
481 4413 537 4470 J.
574 4414 697 4470 Alb.
736 4413 1052 4471 Fabricius:
1088 4415 1439 4473 Bibliotheca
1477 4417 1711 4483 Graeca,
1748 4416 1844 4471 lib.
1881 4416 1980 4472 IV.
2018 4433 2139 4486 cap.
2179 4417 2384 4475 XXIV.
2502 4446 2526 4470 0

391 4508 447 4577 5)
486 4508 950 4566 Philostratorum
974 4508 1145 4568 editio
1167 4509 1486 4568 Oleariana.
1523 4508 1750 4583 Lipsiae
1773 4512 1929 4569 1709.
1968 4511 2216 4569 Praefat.
2253 4529 2385 4586 pag.
2406 4514 2670 4579 1-1111.
