3109 5142
1304 387 1717 452 -35-

638 567 1199 651 Gymnasticus
1489 575 1554 633 et
1778 568 2179 649 Imagines
2223 567 2568 648 priores:

382 679 508 739 271
555 675 711 757 (25),
787 677 910 739 282
955 677 1090 757 (22)
1174 681 1316 740 καὶ
1375 669 1468 741 οὖ
1654 677 1777 740 316
1821 674 1913 759 (2)
1990 679 2125 739 καὶ
2184 671 2274 739 οὔ
2333 673 2479 761 χρὴ
2530 680 2730 739 θαυ-

276 778 449 868 χρὴ
492 778 973 866 θαυμάζειν
1570 781 1869 867 μάζειν
2057 776 2061 781 ’

383 996 510 1058 274
537 994 629 1077 (5)
659 988 969 1079 ὕφαίμων
1001 990 1468 1078 ὀφθαλμῶν
1650 995 1771 1058 367
1815 996 1906 1074 (5)
1969 996 2043 1057 τὸ
2087 991 2220 1058 τῶν
2278 987 2732 1077 ὀφθαλμῶν

276 1095 460 1185 ἤθη
1566 1096 1769 1187 ἦθος

384 1315 509 1378 276
549 1312 704 1398 (31),
766 1316 890 1377 277
933 1312 1087 1401 (14),
1159 1314 1283 1377 279
1326 1310 1462 1395 (24)
1648 1314 1769 1376 359
1812 1313 1946 1395 (26)
2003 1306 2039 1377 ὅ
2082 1305 2344 1398 αὕχῆν
2388 1306 2726 1396 ἀνέστη-

278 1425 415 1485 nai
455 1416 726 1505 αὐχὴν
769 1415 1235 1501 ἅνεστηκώς
1564 1441 1702 1483 κεν

382 1633 663 1715 279(2Ο)
706 1626 952 1716 ὤμοις
998 1628 1112 1695 τὸν
1153 1625 1460 1711 αὐχένα
1644 1632 1768 1693 374
1813 1629 1948 1711 (24)
2053 1624 2318 1714 αὐχὴν·
2388 1627 2724 1708 ἐπέζευ-

277 1735 906 1823 ἕπεζευνμένός
1561 1759 1748 1799 κται
1789 1743 1960 1812 τοῖς
2004 1731 2252 1820 ὤμοις

377 1889 509 2018 28ὄ
543 1922 680 2034 (12)
798 1949 884 2016 ἐν
993 1945 1458 2037 ἐπαγγελίᾳ
1644 1948 1769 2013 300
1794 1948 1951 2029 (12),
1996 1950 2117 2013 317
2159 1948 2295 2031 (30)
2337 1943 2426 2013 ἕν
2471 1942 2721 2027 ἐπαν-

280 2056 571 2143 πάλης
615 2106 630 2120 .
677 2107 691 2121 .
1559 2054 1799 2143 rel-loc
1845 2062 1990 2118 τοῦ
2048 2053 2352 2136 βαδίζειν

375 2272 499 2334 288
530 2269 664 2351 (28)
706 2276 839 2353 τῆς
881 2262 1453 2345 ἕπιπολαζού-
1640 2267 1763 2330 339
1787 2267 1922 2348 (27)
1965 2261 2101 2332 ὑπὸ
2142 2275 2276 2352 τῆς
2319 2264 2720 2332 ἐπιπολα-

282 2400 433 2462 της
477 2370 736 2451 εὐεξίας
782 2426 795 2440 .
844 2423 859 2438 .
907 2422 921 2436 .
1557 2370 1844 2457 ζούσης
1887 2375 2168 2459 πιμελῆς
2213 2422 2227 2437 .
2281 2422 2295 2437 .
2341 2423 2357 2439 .

457 2557 631 2623 Haec
675 2561 866 2638 atque
913 2555 1068 2622 talia
1099 2573 1183 2621 ex
1212 2553 1473 2636 singulis
1501 2540 1684 2620 libris'
1704 2554 1888 2635 plura
1931 2553 2123 2619 etiam
2168 2552 2397 2618 afferre
2439 2571 2711 2634 possum,

278 2663 404 2731 sed
458 2665 590 2745 jam
654 2681 738 2728 ex
800 2663 910 2743 eiS,
978 2680 1132 2745 quos
1193 2679 1385 2744 supra
1447 2662 1944 2738 commemoravi,
2013 2660 2165 2726 locis
2215 2660 2370 2726 satis
2433 2658 2717 2739 intellegi
2835 2702 2847 2715 .

277 2788 473 2852 posse
515 2775 669 2853 puto
707 2768 1027 2852 persimile
1070 2786 1210 2834 esse
1253 2766 1499 2833 dicendi
1538 2786 1737 2850 genus
1778 2767 1845 2832 in
1889 2766 2418 2833 Philostratorum
2463 2766 2716 2848 scriptis

277 2875 707 2943 observatum.

1460 3247 1534 3312 V.

280 3477 507 3569 Quae
558 3475 1042 3572 pertineant
1094 3476 1201 3551 ad
1271 3474 1866 3553 stabiliendum
1931 3497 2208 3553 meum
2269 3475 2370 3553 de
2438 3476 2705 3554 Philo-

1101 3597 1401 3674 stratis
1463 3597 1890 3692 judicium.

445 3834 683 3913 Quibus
724 3834 913 3901 rebus
955 3834 1258 3901 absolutis
1291 3836 1425 3917 Jam
1468 3835 1806 3917 aggrediar
1833 3835 1914 3901 ad
1943 3836 2464 3918 comprobandam
2499 3855 2704 3901 meam

279 3940 360 4006 de
404 3941 673 4007 Heroico
718 3947 785 4007 et
825 3941 1208 4024 Imaginibus
1250 3942 1565 4024 prioribus
1609 3945 2007 4009 sententiam.
2092 3943 2301 4025 Atque
2343 3943 2441 4008 his
2458 3993 2475 4021 ,
2545 3961 2706 4026 quae

277 4047 718 4129 insequuntur,
762 4048 1173 4130 argumentis,
1216 4049 1271 4114 si
1315 4068 1439 4116 non
1485 4050 1767 4132 singulis,
1824 4055 2037 4116 tamen
2078 4050 2143 4115 in
2184 4069 2377 4116 unum
2421 4054 2703 4116 contrac-

277 4154 362 4219 tis
417 4153 836 4220 demonstrari
893 4153 1184 4237 equidem
1240 4154 1513 4221 arbitror
1572 4160 1638 4220 et
1690 4156 1944 4237 planum
1999 4155 2138 4221 fieri
2197 4155 2577 4239 „Heroicum
2635 4163 2702 4220 et

277 4259 590 4342 Imagines
630 4261 910 4343 priores“
956 4297 1041 4309 —
1079 4261 1236 4327 haec
1278 4262 1444 4327 enim
1487 4280 1682 4344 opera
1735 4281 1857 4328 non
1899 4281 2038 4328 esse
2079 4261 2466 4345 seJungenda
2506 4280 2701 4344 supra

277 4367 543 4448 exposui
593 4404 667 4414 —
709 4367 869 4434 alius
913 4385 1052 4433 esse
1097 4368 1372 4435 auctoris
1415 4373 1609 4452 atque
1655 4368 1888 4450 „vitam
1918 4368 2244 4450 Apollonii,
2288 4367 2452 4433 vitas
2493 4367 2701 4450 sophi-

274 4479 538 4553 starum,
583 4474 1115 4558 Gymnasticum“.

2207 4579 2279 4636 30
