3109 5142
1487 388 1897 455 ...12-

491 565 841 634 assentitur
901 565 1015 646 illi,
1076 583 1266 648 quam
1326 571 1519 632 antea
1561 565 1770 646 attuli,
1835 565 2255 648 coniecturae.
2345 561 2752 633 Testimoniis
2793 563 2929 632 Me-

491 673 715 741 nandri
782 673 1062 740 rhetoris
1123 680 1316 754 atque
1381 672 1676 755 anonymi
1739 671 2172 754 epitomatoris
2235 672 2419 738 nixus
2460 672 2803 740 Hernicum
2858 679 2928 740 et

491 780 806 862 Imagines
844 781 1034 863 prior.
1078 780 1466 846 Philostrato
1505 781 1586 845 11.
1645 779 1912 862 abrogat
1968 778 2317 862 tribuitque
2382 779 2771 847 Philostrato
2811 781 2925 847 111.

490 885 648 952 haec
719 885 958 967 scripta
1023 885 1476 954 Philostratum
1535 884 1646 952 IV.
1710 884 1972 965 addens»,
2044 886 2146 951 oui
2218 885 2538 968 adjudicet
2601 887 2925 968 Imagines

488 992 895 1076 posteriores.
982 991 1503 1079 „Gymnasticus“
1577 998 1795 1058 utrum
1856 994 1943 1058 sit
2004 992 2373 1059 Philostrati
2415 993 2498 1061 II.
2564 1011 2646 1060 an
2710 994 2921 1062 Philo·-

493 1099 683 1166 strati
723 1098 856 1179 111„
901 1117 941 1164 a
985 1098 1257 1180 Bergkio
1297 1117 1423 1165 non
1465 1097 1867 1181 dijudicatur.

658 1224 853 1306 Cujus
894 1224 1013 1290 viri
1055 1223 1440 1292 sententiam
1480 1224 1671 1306 paulo
1711 1230 1859 1305 post
1897 1224 2291 1305 impugnavit

1305 1372 1710 1439 Erwinius
1750 1372 2117 1469 Rohdius.

490 1498 706 1582 Negat
769 1497 1024 1580 quidem
1086 1497 1190 1563 hic
1253 1504 1321 1563 et
1380 1497 1516 1580 ipse
1562 1497 2015 1564 Philostratum
2056 1496 2136 1562 II.
2198 1504 2265 1563 et
2321 1495 2773 1563 Philostratum
2810 1496 2922 1564 III.

493 1603 922 1690 „Imaginuw
991 1620 1132 1670 esse
1192 1609 1507 1679 auctores⁹
1579 1604 1811 1686 quippe
1872 1621 2016 1669 oum
2058 1601 2483 1669 Philostratus
2524 1603 2737 1685 Junior
2794 1621 2924 1668 ma-

485 1712 692 1794 Jorem
757 1713 941 1775 vocet
1003 1727 1219 1789 avum3
1292 1708 1748 1776 Philostratum
1791 1710 1904 1775 ΠΙ.
1973 1712 2190 1775 autem
2252 1706 2600 1775 secundum
2667 1707 2925 1775 Suidam

491 1815 685 1883 fuisse
738 1816 1113 1898 discipulum
1177 1822 1245 1882 et
1297 1834 1602 1898 generum
1659 1815 2027 1882 Philostrati
2070 1816 2151 1880 11.
2245 1814 2414 1881 Illud
2466 1814 2717 1882 Suidae*
2745 1814 2925 1881 testi-

492 1923 799 1988 monium:
842 1921 1379 2010 ,,Φιλόστρατος,
1411 1923 1795 2011 Νερβιανοῦ
1822 1906 2332 2008 ἅδἐλφόπαιὸος
2359 1923 2485 1989 τοῦ
2528 1922 2921 2005 δευτέρου

497 2030 1011 2114 Φιλοστράτου“
1065 2028 1179 2093 ita—
1215 2027 1519 2107 defendit,
1576 2035 1651 2094 ut
1704 2027 2039 2094 emendato
2082 2027 2218 2093 loco
2272 2027 2429 2092 haec
2471 2027 2742 2108 legenda
2784 2045 2923 2093 esse

494 2134 837 2201 existimet:
890 2133 1403 2218 »Φιλόστρατος
1444 2139 1824 2220 Νερβιανοῦ
1867 2128 2377 2220 ἆδελφόπαιδος
2420 2134 2537 2200 τοῦ
2579 2132 2919 2216 πρώτου

497 2239 1035 2324 Φιλοστράτου.“
1115 2240 1291 2319 Quod
1334 2241 1647 2323 Bergkius
1709 2245 1929 2306 monet
1973 2259 2175 2322 genus
2216 2239 2467 2306 dicendi
2505 2242 2568 2305 in
2616 2240 2923 2324 „Heroico

494 2352 561 2412 et
603 2346 984 2431 Imaginibus
1025 2345 1377 2429 prioribus“
1424 2347 1829 2413 observatum
1872 2346 2055 2411 valde
2100 2345 2442 2413 abhorrere
2500 2347 2581 2412 ab
2639 2346 2922 2413 oratione

494 2452 864 2517 Philostrati
904 2453 1023 2535 IL,
1096 2452 1244 2517 nihi-l
1316 2453 1431 2518 hoc
1495 2452 1725 2534 probat
1785 2451 2066 2516 Rohdius
2136 2457 2330 2533 atque
2403 2458 2919 2534 argumentorum

491 2557 743 2623 illorum
783 2564 1103 2624 momenta
1163 2577 1239 2624 ex
1284 2557 1629 2624 Menandro
1695 2557 1949 2624 rhetore
2017 2563 2086 2623 et
2142 2576 2448 2640 anonymo
2506 2559 2921 2640 epitomatore

491 2665 691 2731 allata
732 2665 814 2730 ad
857 2665 1210 2749 „Imagines
1264 2664 1688 2747 posteriores“
1746 2664 2071 2746 pertinere
2130 2669 2368 2730 censet.
2456 2664 2678 2746 Itaque
2722 2665 2922 2749 „Ima-

494 2773 673 2851 gines
745 2770 1029 2852 priores“
1103 2769 1396 2836 attribuit
1472 2770 1859 2836 Philostrato
1928 2771 1999 2850 1.‚
2074 2770 2430 2853 „Imagines
2501 2769 2921 2851 posteriores“

495 2882 710 2942 autem
769 2883 964 2959 atque
1010 2876 1426 2960 „Heroicum“
1483 2893 1612 2940 una
1669 2875 2055 2941 Philostrato
2097 2874 2209 2940 ΠΙ.
2268 2872 2604 2956 adjudicat.
2694 2876 2922 2960 „Gym-

497 2984 820 3051 nasticus“
869 2992 1078 3051 utrum
1122 3003 1161 3049 a
1206 2984 1591 3050 Philostrato
1632 2983 1712 3048 11.
1757 3001 1837 3049 an
1880 2982 2262 3048 Philostrato
2290 2983 2405 3048 III.
2448 2982 2535 3048 sit
2575 2983 2924 3063 confectu8‚

499 3109 540 3155 a
582 3090 824 3156 Rohdio
866 3098 933 3157 et
971 3091 1107 3172 ipso
1147 3092 1212 3155 in
1257 3091 1692 3172 quaestionem
1735 3108 1859 3155 non
1901 3094 2181 3155 vocatur.

673 3216 766 3279 Ac
812 3213 891 3279 de
934 3215 1196 3296 singulis
1240 3214 1595 3294 sententiiS,
1660 3231 1823 3295 quae
1877 3231 2074 3294 usque
2130 3213 2293 3279 hunc
2337 3213 2418 3278 ad
2459 3211 2625 3279 diem
2665 3211 2743 3278 de
2782 3212 2926 3277 Phi-

499 3322 908 3388 lostratorum
952 3321 1126 3388 libris
1163 3327 1313 3386 sunt
1354 3319 1820 3403 pronuntiatae,
1863 3320 2020 3386 satis
2065 3319 2299 3387 dictum
2343 3320 2445 3387 sit.

1651 3608 1762 3678 ΙΙΙ.

501 3828 1003 3925 Diligentius
1046 3828 1222 3924 jam
1273 3829 1854 3925 quaestionem
1919 3825 2368 3905 instituam
2435 3826 2536 3902 de
2587 3822 2925 3923 Bequii

1308 3955 1395 4029 et
1442 3951 1744 4028 Rohdii
1784 3950 2124 4045 judiciis

468 4180 684 4251 ,modo
726 4180 949 4247 relatis
986 4216 1068 4228 —
1108 4182 1338 4264 quippe
1394 4199 1557 4262 quae
1613 4181 1884 4246 maxime
1942 4180 2060 4245 hoc
2114 4178 2198 4245 ad
2239 4196 2397 4260 opus
2437 4177 2801 4260 pertineant
2846 4213 2920 4226 -

503 4295 571 4354 et
610 4290 968 4355 accuratius
1005 4308 1101 4370 ea,
1143 4308 1306 4371 quae
1330 4288 1405 4354 hi»
1433 4289 1549 4355 viri
1575 4288 1637 4354 in
1668 4287 1942 4355 medium
1977 4284 2378 4369 protulerunt
2406 4283 2486 4350 de
2508 4284 2926 4365 Philostratis,

502 4395 835 4476 excutiam,
902 4401 1116 4460 utrum
1177 4395 1365 4477 plane
1430 4411 1534 4461 res
1586 4412 1657 4461 se
1703 4392 1956 4474 habeat,
2021 4397 2094 4459 ut
2155 4391 2245 4456 illi
2309 4395 2487 4457 recte
2541 4389 2752 4457 dicere
2806 4389 2926 4458 sibi

500 4501 816 4582 videntur,
858 4519 1077 4567 necne.
