3109 5142
453 561 963 630 Philostrato
1005 564 1101 630 ΙΙ.
1147 566 1481 632 tribuenda
1515 550 1696 633 su‘ht:
2033 624 2037 630 ,

1554 673 1736 740 Vita
1790 673 2218 753 Apollonii,

1552 779 1789 849 Vitae
1845 779 2402 860 sophistarum,

1552 885 2219 969 Gymnasticus1).

543 989 888 1056 Praeterea
926 990 1225 1057 fortasse:
1270 991 1604 1072 Epistulae

457 1096 1022 1163 Philostratus
1062 1096 1202 1162 III.
1242 1098 1373 1178 jam
1417 1099 1814 1164 auctorest:

1554 1202 1876 1267 Heroici
1932 1207 1998 1268 et

1554 1307 1983 1389 Imaginum
2025 1308 2388 1387 priorum.
2451 1306 2460 1312 ’

460 1411 634 1489 Quae
676 1431 816 1478 cum
858 1413 951 1478 ita
993 1413 1138 1493 sint,
1183 1416 1447 1494 quartus
1483 1413 1615 1494 jam
1660 1414 1756 1479 his
1782 1412 2108 1478 addendus
2138 1414 2259 1479 erit
2285 1412 2725 1496 Philostratus,

294 1518 391 1583 cui
424 1518 887 1600 ,adjudicandae
930 1526 1081 1584 sunt
1117 1520 1432 1599 Imagines
1474 1521 1891 1600 post‘eriores3
1940 1519 2206 1584 confecit
2248 1521 2442 1600 igitur

459 1624 1015 1691 Philostratus
1057 1624 1209 1690 IV.:
1279 1624 1674 1706 Imagines
1715 1626 2240 1707 posteriores.

460 1732 668 1813 Atque
711 1733 868 1797 haec
910 1732 1163 1813 quidem
1209 1731 1286 1796 de
1332 1732 1859 1798 Philostratorum
1910 1732 2183 1813 scriptis

463 1837 639 1915 Quod
685 1837 963 1902 Rohdius
1008 1843 1221 1902 monet
1262 1836 1677 1903 dubitandum
1737 1856 1879 1923 esse
1937 1846 2233 1919 quartum
2277 1838 2729 1904 Philostratum

294 1944 497 2010 tribus
540 1944 724 2024 huJus
766 1944 1031 2009 nominis
1073 1943 1368 2023 sophistis
1410 1943 1738 2024 affingere,
1805 1934 1988 2025 'cujus
2043 1963 2122 2009 ne
2189 1964 2413 2009 nomen
2479 1944 2730 2026 quidem

295 2047 472 2115 nobis
513 2068 551 2113 a
594 2049 785 2114 Suida
825 2049 910 2114 sit
950 2049 1300 2130 proditum,
1363 2050 1652 2131 equidem
1698 2051 1992 2115 existimo
2036 2068 2113 2114 ex
2156 2052 2268 2126 eiS,
2334 2068 2496 2132 quae
2539 2068 2732 2130 supra

296 2155 568 2236 exposui,
612 2157 768 2219 satis
811 2173 1127 2236 superque
1171 2161 1393 2235 patere
1422 2161 1615 2236 atque
1647 2173 1955 2236 apparere
1998 2174 2122 2220 non
2146 2161 2390 2220 temere
2434 2162 2731 2237 quartum

295 2261 749 2326 Philostratum
797 2262 1031 2327 ceteris
1073 2279 1216 2327 esse
1260 2260 1564 2326 additum.

462 2367 548 2432 At
591 2366 837 2445 Suidae,
911 2368 1017 2448 qui
1075 2385 1154 2431 ne
1198 2367 1316 2432 hoc
1370 2367 1624 2450 quidem
1680 2368 1944 2446 noverit,
2017 2367 2186 2432 illam
2232 2366 2736 2452 ,,παράφρασιν

298 2481 412 2556 τῆς
441 2467 728 2559 Ὁμήρου
766 2469 1139 2550 ’Ao-mdo&
1191 2473 1495 2539 decimam
1544 2492 1685 2539 esse
1730 2474 2008 2539 tabulam
2035 2473 2384 2554 Imaginum
2429 2473 2734 2554 posterio-

299 2598 440 2644 rum
488 2580 669 2646 modo
711 2579 791 2644 ab
831 2581 967 2661 ipso
1015 2579 1373 2659 allatarum,
1445 2580 1588 2646 huic
1639 2580 1834 2661 igitur
1894 2579 2346 2644 Philostratum
2388 2578 2491 2643 IV.
2539 2577 2734 2643 fuisse

298 2687 581 2766 ignotum
624 2686 920 2766 (fortasse
962 2686 1184 2765 minus,
1254 2692 1326 2751 ut
1368 2685 1637 2765 videtur,
1707 2686 1973 2761 clarum)
2018 2684 2185 2749 haud
2224 2684 2317 2748 ita
2358 2685 2585 2748 mirum
2631 2684 2731 2748 sit.

300 2792 508 2872 Atque
572 2791 923 2856 rectissime
970 2790 1310 2871 Bergkium
1368 2791 1579 2856 dicere
1639 2791 1923 2855 existimo
1990 2790 2305 2871 Imagines
2348 2790 2733 2870 posteriores

300 2896 556 2980 (quippe
593 2914 753 2979 quae
797 2896 926 2961 sint
950 2915 1122 2978 -prae
1169 2896 1545 2979 Imaginibus
1592 2897 1903 2978 prioribus
1944 2896 2113 2961 haud
2172 2896 2263 2961 ita
2320 2894 2566 2961 dicendi
2610 2896 2737 2962 ele-

299 3002 516 3084 gantia
557 3002 863 3087 insignes)
921 3021 960 3067 a
1015 3001 1335 3070 veteribus
1386 3003 1576 3084 plane
1632 3021 1772 3068 esse
1824 3002 2148 3083 neglectas
2170 3002 2241 3082 2).
2327 3001 2510 3066 Unde
2553 3000 2736 3066 facile

300 3106 440 3173 fieri
497 3111 725 3191 potuit,
797 3116 869 3175 ut
927 3109 1240 3191 Imagines
1303 3110 1687 3191 posteriores
1753 3108 1963 3173 nescio
2026 3125 2150 3189 qua
2214 3106 2378 3172 forte
2443 3113 2737 3172 servatae

301 3215 553 3297 scriptis
593 3216 859 3281 aliorum
903 3216 1426 3282 Philostratorum
1470 3221 1693 3297 postea
1743 3213 2353 3294 intermiscerentur,
2428 3232 2569 3277 cum
2607 3214 2738 3294 Jam

302 3340 530 3387 nomen
570 3321 850 3403 ipsarum
894 3323 1171 3387 auctoris
1225 3320 1624 3405 (Philostrati
1669 3321 1806 3404 IV.)
1860 3319 2170 3387 oblivione
2209 3318 2504 3385 obrutum
2544 3319 2738 3384 inter·

302 3427 481 3492 isset.
2701 3490 2704 3493 ,

471 3532 785 3609 Quattuor
826 3533 1021 3613 igitur
1063 3532 1395 3613 sophistaS‚
1457 3533 1873 3597 Philostratos
1933 3530 2307 3612 appellatos,
2351 3565 2435 3575 —-
2476 3547 2740 3610 quorum

305 3636 556 3717 quidem
599 3637 743 3703 libri
784 3638 864 3703 ad
908 3657 1021 3704 nos
1065 3645 1552 3719 permanserunt
1594 3674 1678 3685 —
1740 3637 1933 3703 fuisse
1976 3655 2169 3717 supra
2211 3635 2335 3700 iam
2378 3634 2537 3700 satis
2579 3651 2742 3697 com-

305 3743 637 3825 probatum
678 3744 779 3809 sit.
867 3744 1106 3822 Quarto
1135 3763 1285 3809 vero
1314 3745 1599 3825 sophista
1646 3744 1849 3809 tribus
1895 3743 2035 3808 aliis
2080 3742 2295 3807 addito
2338 3740 2743 3806 difficultates

304 3851 370 3915 in
413 3850 799 3933 explicandis
837 3851 959 3916 illis
1005 3850 1233 3917 Suidae
1276 3858 1340 3917 et
1382 3850 1660 3916 auctoris
1702 3850 2057 3930 Imaginum
2099 3847 2519 3928 posteriorum
2563 3845 2745 3912 testi·

453 4023 508 4095 1)
551 4023 1032 4094 „Gymnasticum“
1073 4024 1405 4081 Philostrati
1441 4024 1516 4080 11.
1559 4038 1679 4080 esse
1719 4021 2011 4089 Chi-istius,
2064 4019 2415 4076 doctissimus
2451 4019 2554 4082 vir,
2592 4024 2746 4074 recte

311 4118 666 4188 conjectavit.

453 4214 509 4282 2)
549 4213 835 4284 Kayser-us
872 4231 940 4271 ea
978 4216 1045 4271 de
1084 4230 1144 4270 re
1203 4215 1280 4283 (in
1333 4213 1577 4271 editione
1614 4211 1796 4268 Turio.
1835 4226 2073 4281 prooem.
2122 4208 2300 4279 Imag.
2337 4214 2482 4277 post.
2519 4224 2648 4278 pag.
2688 4207 2746 4277 3)

314 4308 452 4363 haec
490 4317 910 4365 commemorat:
993 4310 1181 4376 „Quod
1218 4315 1407 4365 autem
1446 4307 1650 4363 seniori
1688 4304 1964 4376 contigit,
2001 4309 2068 4360 ut
2105 4318 2306 4372 magno
2343 4302 2612 4356 lectorum
2648 4317 2748 4355 nu·-

315 4419 465 4458 mero
504 4419 636 4459 suas
675 4403 956 4475 Imagines
1008 4405 1287 4473 probaret,
1347 4420 1454 4459 non
1504 4418 1680 4471 aeque
1726 4400 1865 4458 felix
1914 4415 2082 4470 nepos
2118 4397 2292 4454 fuisse
2327 4395 2569 4465 videtur,
2630 4394 2749 4452 sive

315 4495 643 4557 citationem
679 4498 1018 4555 rarissimam
1057 4504 1298 4570 spectas,
1334 4498 1452 4555 sive
1491 4497 1737 4555 codicum
1777 4493 2114 4574 penuriam.“
