<?xml version="1.0" encoding="UTF-8"?>
<!DOCTYPE html PUBLIC "-//W3C//DTD XHTML 1.0 Transitional//EN"
    "http://www.w3.org/TR/xhtml1/DTD/xhtml1-transitional.dtd">
<html xmlns="http://www.w3.org/1999/xhtml" xml:lang="en" lang="en">
 <head>
  <title>
</title>
<meta http-equiv="Content-Type" content="text/html;charset=utf-8" />
  <meta name='ocr-system' content='tesseract 3.04.00' />
  <meta name='ocr-capabilities' content='ocr_page ocr_carea ocr_par ocr_line ocrx_word'/>
</head>
<body>
  <div class='ocr_page' id='page_1' title='image "./dephilostratiss00fertgoog_0005.png"; bbox 0 0 3109 5142; ppageno 0'>
   <div class='ocr_carea' id='block_1_1' title="bbox 269 1317 2703 4156">
    <p class='ocr_par' dir='ltr' id='par_1_1' title="bbox 269 1317 2703 3307">
     <span class='ocr_line' id='line_1_1' title="bbox 446 1317 2702 1400; baseline -0.002 -13"><span class='ocrx_word' id='word_1_1' title='bbox 446 1322 542 1388; x_wconf 94' lang='lat' dir='ltr'><strong>De</strong></span> <span class='ocrx_word' id='word_1_2' title='bbox 583 1319 988 1386; x_wconf 90' lang='lat' dir='ltr'><strong>Philostratis</strong></span> <span class='ocrx_word' id='word_1_3' title='bbox 1032 1319 1328 1400; x_wconf 78' lang='lat' dir='ltr'><strong>sophistis</strong></span> <span class='ocrx_word' id='word_1_4' title='bbox 1372 1338 1512 1384; x_wconf 93' lang='lat' dir='ltr'><strong>cum</strong></span> <span class='ocrx_word' id='word_1_5' title='bbox 1557 1317 1987 1400; x_wconf 88' lang='lat' dir='ltr'><strong>superioribus</strong></span> <span class='ocrx_word' id='word_1_6' title='bbox 2030 1317 2419 1400; x_wconf 81' lang='lat' dir='ltr'><strong>temporibus</strong></span> <span class='ocrx_word' id='word_1_7' title='bbox 2459 1337 2500 1384; x_wconf 89' lang='lat' dir='ltr'><strong>a</strong></span> <span class='ocrx_word' id='word_1_8' title='bbox 2540 1318 2702 1385; x_wconf 88' lang='lat' dir='ltr'><strong>mul-</strong></span> 
     </span>
     <span class='ocr_line' id='line_1_2' title="bbox 279 1425 2699 1510; baseline -0.002 -14"><span class='ocrx_word' id='word_1_9' title='bbox 279 1429 364 1496; x_wconf 92' lang='lat' dir='ltr'><strong>tis</strong></span> <span class='ocrx_word' id='word_1_10' title='bbox 406 1447 597 1510; x_wconf 83' lang='lat' dir='ltr'><strong>saepe</strong></span> <span class='ocrx_word' id='word_1_11' title='bbox 641 1428 856 1508; x_wconf 90' lang='lat' dir='ltr'><strong>eisque</strong></span> <span class='ocrx_word' id='word_1_12' title='bbox 901 1425 1054 1492; x_wconf 89' lang='lat' dir='ltr'><strong>viris</strong></span> <span class='ocrx_word' id='word_1_13' title='bbox 1095 1425 1297 1491; x_wconf 85' lang='lat' dir='ltr'><strong>doctis</strong></span> <span class='ocrx_word' id='word_1_14' title='bbox 1340 1425 1698 1507; x_wconf 91' lang='lat' dir='ltr'><strong>quaesitum</strong></span> <span class='ocrx_word' id='word_1_15' title='bbox 1741 1431 1860 1504; x_wconf 90' lang='lat' dir='ltr'><strong>est,</strong></span> <span class='ocrx_word' id='word_1_16' title='bbox 1904 1431 2042 1491; x_wconf 90' lang='lat' dir='ltr'><strong>tum</strong></span> <span class='ocrx_word' id='word_1_17' title='bbox 2085 1426 2441 1491; x_wconf 84' lang='lat' dir='ltr'><strong>recentiore</strong></span> <span class='ocrx_word' id='word_1_18' title='bbox 2485 1430 2699 1490; x_wconf 87' lang='lat' dir='ltr'><strong>aetate</strong></span> 
     </span>
     <span class='ocr_line' id='line_1_3' title="bbox 278 1530 2703 1617; baseline -0.002 -16"><span class='ocrx_word' id='word_1_19' title='bbox 278 1535 591 1616; x_wconf 86' lang='lat' dir='ltr'><strong>Bergkius</strong></span> <span class='ocrx_word' id='word_1_20' title='bbox 613 1537 666 1617; x_wconf 79' lang='grc'><strong>1)</strong></span> <span class='ocrx_word' id='word_1_21' title='bbox 710 1538 777 1599; x_wconf 91' lang='lat' dir='ltr'><strong>et</strong></span> <span class='ocrx_word' id='word_1_22' title='bbox 818 1532 1098 1599; x_wconf 92' lang='lat' dir='ltr'><strong>Rohdius</strong></span> <span class='ocrx_word' id='word_1_23' title='bbox 1119 1534 1172 1613; x_wconf 77' lang='grc'><strong>2)</strong></span> <span class='ocrx_word' id='word_1_24' title='bbox 1230 1530 1762 1613; x_wconf 80' lang='lat' dir='ltr'><strong>disceptaverunt,</strong></span> <span class='ocrx_word' id='word_1_25' title='bbox 1819 1537 2034 1598; x_wconf 89' lang='lat' dir='ltr'><strong>utrum</strong></span> <span class='ocrx_word' id='word_1_26' title='bbox 2089 1536 2227 1597; x_wconf 89' lang='lat' dir='ltr'><strong>tres</strong></span> <span class='ocrx_word' id='word_1_27' title='bbox 2280 1550 2362 1596; x_wconf 90' lang='lat' dir='ltr'><strong>an</strong></span> <span class='ocrx_word' id='word_1_28' title='bbox 2401 1538 2703 1614; x_wconf 85' lang='lat' dir='ltr'><strong>quattuor</strong></span> 
     </span>
     <span class='ocr_line' id='line_1_4' title="bbox 280 1638 2703 1724; baseline -0.002 -17"><span class='ocrx_word' id='word_1_29' title='bbox 280 1642 619 1724; x_wconf 85' lang='lat' dir='ltr'><strong>sophistae,</strong></span> <span class='ocrx_word' id='word_1_30' title='bbox 683 1639 1054 1706; x_wconf 88' lang='lat' dir='ltr'><strong>Philostrati</strong></span> <span class='ocrx_word' id='word_1_31' title='bbox 1120 1638 1441 1720; x_wconf 89' lang='lat' dir='ltr'><strong>appellati,</strong></span> <span class='ocrx_word' id='word_1_32' title='bbox 1508 1640 1850 1719; x_wconf 81' lang='lat' dir='ltr'><strong>participes</strong></span> <span class='ocrx_word' id='word_1_33' title='bbox 1917 1646 2132 1705; x_wconf 89' lang='lat' dir='ltr'><strong>essent</strong></span> <span class='ocrx_word' id='word_1_34' title='bbox 2196 1638 2529 1719; x_wconf 92' lang='lat' dir='ltr'><strong>librorum,</strong></span> <span class='ocrx_word' id='word_1_35' title='bbox 2596 1639 2703 1720; x_wconf 92' lang='lat' dir='ltr'><strong>qui</strong></span> 
     </span>
     <span class='ocr_line' id='line_1_5' title="bbox 279 1745 2701 1827; baseline -0.002 -15"><span class='ocrx_word' id='word_1_36' title='bbox 279 1747 531 1814; x_wconf 89' lang='lat' dir='ltr'><strong>illorum</strong></span> <span class='ocrx_word' id='word_1_37' title='bbox 573 1747 822 1813; x_wconf 92' lang='lat' dir='ltr'><strong>nomine</strong></span> <span class='ocrx_word' id='word_1_38' title='bbox 867 1746 948 1811; x_wconf 90' lang='lat' dir='ltr'><strong>ad</strong></span> <span class='ocrx_word' id='word_1_39' title='bbox 991 1764 1104 1811; x_wconf 89' lang='lat' dir='ltr'><strong>nos</strong></span> <span class='ocrx_word' id='word_1_40' title='bbox 1147 1751 1675 1827; x_wconf 59' lang='lat' dir='ltr'><strong>permanserunt„</strong></span> <span class='ocrx_word' id='word_1_41' title='bbox 1729 1745 1950 1827; x_wconf 90' lang='lat' dir='ltr'><strong>Neque</strong></span> <span class='ocrx_word' id='word_1_42' title='bbox 1993 1749 2210 1810; x_wconf 88' lang='lat' dir='ltr'><strong>tamen</strong></span> <span class='ocrx_word' id='word_1_43' title='bbox 2254 1763 2395 1810; x_wconf 92' lang='lat' dir='ltr'><strong>eam</strong></span> <span class='ocrx_word' id='word_1_44' title='bbox 2437 1745 2515 1811; x_wconf 93' lang='lat' dir='ltr'><strong>ob</strong></span> <span class='ocrx_word' id='word_1_45' title='bbox 2558 1763 2701 1809; x_wconf 94' lang='lat' dir='ltr'><strong>cau-</strong></span> 
     </span>
     <span class='ocr_line' id='line_1_6' title="bbox 278 1850 2700 1933; baseline -0.002 -15"><span class='ocrx_word' id='word_1_46' title='bbox 278 1871 416 1918; x_wconf 89' lang='lat' dir='ltr'><strong>sam</strong></span> <span class='ocrx_word' id='word_1_47' title='bbox 467 1852 630 1918; x_wconf 88' lang='lat' dir='ltr'><strong>hanc</strong></span> <span class='ocrx_word' id='word_1_48' title='bbox 680 1851 1062 1933; x_wconf 90' lang='lat' dir='ltr'><strong>provinciam</strong></span> <span class='ocrx_word' id='word_1_49' title='bbox 1115 1850 1267 1916; x_wconf 91' lang='lat' dir='ltr'><strong>mihi</strong></span> <span class='ocrx_word' id='word_1_50' title='bbox 1320 1856 1726 1932; x_wconf 85' lang='lat' dir='ltr'><strong>praereptam</strong></span> <span class='ocrx_word' id='word_1_51' title='bbox 1785 1869 1924 1916; x_wconf 92' lang='lat' dir='ltr'><strong>esse</strong></span> <span class='ocrx_word' id='word_1_52' title='bbox 1981 1857 2167 1932; x_wconf 91' lang='lat' dir='ltr'><strong>puto;</strong></span> <span class='ocrx_word' id='word_1_53' title='bbox 2229 1869 2394 1929; x_wconf 90' lang='lat' dir='ltr'><strong>nam,</strong></span> <span class='ocrx_word' id='word_1_54' title='bbox 2448 1856 2522 1915; x_wconf 91' lang='lat' dir='ltr'><strong>ut</strong></span> <span class='ocrx_word' id='word_1_55' title='bbox 2579 1850 2700 1915; x_wconf 87' lang='lat' dir='ltr'><strong>alia</strong></span> 
     </span>
     <span class='ocr_line' id='line_1_7' title="bbox 279 1955 2701 2040; baseline -0.002 -16"><span class='ocrx_word' id='word_1_56' title='bbox 279 1959 591 2038; x_wconf 89' lang='lat' dir='ltr'><strong>omittam,</strong></span> <span class='ocrx_word' id='word_1_57' title='bbox 635 1957 947 2039; x_wconf 91' lang='lat' dir='ltr'><strong>Bergkius</strong></span> <span class='ocrx_word' id='word_1_58' title='bbox 989 1957 1125 2038; x_wconf 89' lang='lat' dir='ltr'><strong>ipse</strong></span> <span class='ocrx_word' id='word_1_59' title='bbox 1167 1956 1414 2033; x_wconf 90' lang='lat' dir='ltr'><strong>librum,</strong></span> <span class='ocrx_word' id='word_1_60' title='bbox 1473 1958 1581 2038; x_wconf 91' lang='lat' dir='ltr'><strong>qui</strong></span> <span class='ocrx_word' id='word_1_61' title='bbox 1623 1957 2144 2040; x_wconf 85' lang='lat' dir='ltr'><strong>„Gymnasticus“</strong></span> <span class='ocrx_word' id='word_1_62' title='bbox 2190 1955 2571 2035; x_wconf 88' lang='lat' dir='ltr'><strong>inscribitur,</strong></span> <span class='ocrx_word' id='word_1_63' title='bbox 2636 1956 2701 2019; x_wconf 92' lang='lat' dir='ltr'><strong>in</strong></span> 
     </span>
     <span class='ocr_line' id='line_1_8' title="bbox 279 2062 2699 2146; baseline -0.002 -17"><span class='ocrx_word' id='word_1_64' title='bbox 279 2063 465 2130; x_wconf 91' lang='lat' dir='ltr'><strong>dubio</strong></span> <span class='ocrx_word' id='word_1_65' title='bbox 507 2064 780 2146; x_wconf 89' lang='lat' dir='ltr'><strong>reliquit,</strong></span> <span class='ocrx_word' id='word_1_66' title='bbox 826 2069 1041 2129; x_wconf 90' lang='lat' dir='ltr'><strong>utrum</strong></span> <span class='ocrx_word' id='word_1_67' title='bbox 1086 2062 1451 2128; x_wconf 86' lang='lat' dir='ltr'><strong>Philostrati</strong></span> <span class='ocrx_word' id='word_1_68' title='bbox 1494 2063 1573 2127; x_wconf 87' lang='lat'><strong>11.</strong></span> <span class='ocrx_word' id='word_1_69' title='bbox 1618 2082 1697 2128; x_wconf 91' lang='lat' dir='ltr'><strong>an</strong></span> <span class='ocrx_word' id='word_1_70' title='bbox 1742 2063 2110 2129; x_wconf 88' lang='lat' dir='ltr'><strong>Philostrati</strong></span> <span class='ocrx_word' id='word_1_71' title='bbox 2135 2063 2244 2129; x_wconf 94' lang='lat' dir='ltr'><strong>III.</strong></span> <span class='ocrx_word' id='word_1_72' title='bbox 2290 2066 2479 2128; x_wconf 89' lang='lat' dir='ltr'><strong>esset.</strong></span> <span class='ocrx_word' id='word_1_73' title='bbox 2533 2062 2699 2126; x_wconf 88' lang='lat' dir='ltr'><strong>Roh-</strong></span> 
     </span>
     <span class='ocr_line' id='line_1_9' title="bbox 282 2168 2700 2250; baseline -0.001 -16"><span class='ocrx_word' id='word_1_74' title='bbox 282 2169 421 2234; x_wconf 89' lang='lat' dir='ltr'><strong>dius</strong></span> <span class='ocrx_word' id='word_1_75' title='bbox 462 2174 694 2248; x_wconf 91' lang='lat' dir='ltr'><strong>autem,</strong></span> <span class='ocrx_word' id='word_1_76' title='bbox 743 2170 848 2250; x_wconf 90' lang='lat' dir='ltr'><strong>qui</strong></span> <span class='ocrx_word' id='word_1_77' title='bbox 875 2169 1063 2249; x_wconf 87' lang='lat' dir='ltr'><strong>paulo</strong></span> <span class='ocrx_word' id='word_1_78' title='bbox 1098 2175 1242 2249; x_wconf 91' lang='lat' dir='ltr'><strong>post</strong></span> <span class='ocrx_word' id='word_1_79' title='bbox 1270 2168 1545 2250; x_wconf 87' lang='lat' dir='ltr'><strong>Bergkio</strong></span> <span class='ocrx_word' id='word_1_80' title='bbox 1574 2169 1948 2236; x_wconf 88' lang='lat' dir='ltr'><strong>adversatus</strong></span> <span class='ocrx_word' id='word_1_81' title='bbox 1994 2175 2110 2249; x_wconf 92' lang='lat' dir='ltr'><strong>est,</strong></span> <span class='ocrx_word' id='word_1_82' title='bbox 2155 2188 2279 2235; x_wconf 89' lang='lat' dir='ltr'><strong>non</strong></span> <span class='ocrx_word' id='word_1_83' title='bbox 2321 2169 2414 2233; x_wconf 90' lang='lat' dir='ltr'><strong>ita</strong></span> <span class='ocrx_word' id='word_1_84' title='bbox 2456 2173 2700 2233; x_wconf 89' lang='lat' dir='ltr'><strong>rectum</strong></span> 
     </span>
     <span class='ocr_line' id='line_1_10' title="bbox 274 2272 2700 2357; baseline -0.001 -16"><span class='ocrx_word' id='word_1_85' title='bbox 274 2277 354 2341; x_wconf 91' lang='lat' dir='ltr'><strong>de</strong></span> <span class='ocrx_word' id='word_1_86' title='bbox 396 2275 496 2341; x_wconf 91' lang='lat' dir='ltr'><strong>his</strong></span> <span class='ocrx_word' id='word_1_87' title='bbox 537 2275 832 2356; x_wconf 90' lang='lat' dir='ltr'><strong>sophistis</strong></span> <span class='ocrx_word' id='word_1_88' title='bbox 875 2275 1028 2340; x_wconf 87' lang='lat' dir='ltr'><strong>fecit</strong></span> <span class='ocrx_word' id='word_1_89' title='bbox 1062 2273 1386 2356; x_wconf 89' lang='lat' dir='ltr'><strong>judicium,</strong></span> <span class='ocrx_word' id='word_1_90' title='bbox 1454 2275 1520 2340; x_wconf 89' lang='lat' dir='ltr'><strong>id</strong></span> <span class='ocrx_word' id='word_1_91' title='bbox 1576 2274 1756 2357; x_wconf 92' lang='lat' dir='ltr'><strong>quod.</strong></span> <span class='ocrx_word' id='word_1_92' title='bbox 1799 2275 1988 2357; x_wconf 85' lang='lat' dir='ltr'><strong>paulo</strong></span> <span class='ocrx_word' id='word_1_93' title='bbox 2028 2274 2195 2341; x_wconf 87' lang='lat' dir='ltr'><strong>infra</strong></span> <span class='ocrx_word' id='word_1_94' title='bbox 2237 2272 2700 2341; x_wconf 87' lang='lat' dir='ltr'><strong>demonstrabo.</strong></span> 
     </span>
     <span class='ocr_line' id='line_1_11' title="bbox 275 2362 2698 2465; baseline -0.001 -19"><span class='ocrx_word' id='word_1_95' title='bbox 275 2381 556 2461; x_wconf 89' lang='lat' dir='ltr'><strong>Accedit,</strong></span> <span class='ocrx_word' id='word_1_96' title='bbox 600 2381 765 2463; x_wconf 92' lang='lat' dir='ltr'><strong>quod</strong></span> <span class='ocrx_word' id='word_1_97' title='bbox 809 2381 1014 2447; x_wconf 91' lang='lat' dir='ltr'><strong>adhuc</strong></span> <span class='ocrx_word' id='word_1_98' title='bbox 1055 2400 1239 2447; x_wconf 92' lang='lat' dir='ltr'><strong>nemo</strong></span> <span class='ocrx_word' id='word_1_99' title='bbox 1285 2400 1521 2462; x_wconf 90' lang='lat' dir='ltr'><strong>eorum,</strong></span> <span class='ocrx_word' id='word_1_100' title='bbox 1568 2383 1674 2465; x_wconf 92' lang='lat' dir='ltr'><strong>qui</strong></span> <span class='ocrx_word' id='word_1_101' title='bbox 1715 2383 1877 2448; x_wconf 90' lang='lat' dir='ltr'><strong>hanc</strong></span> <span class='ocrx_word' id='word_1_102' title='bbox 1928 2362 2422 2448; x_wconf 87' lang='lat' dir='ltr'><strong>controversiam</strong></span> <span class='ocrx_word' id='word_1_103' title='bbox 2475 2380 2698 2463; x_wconf 87' lang='lat' dir='ltr'><strong>dijudi-</strong></span> 
     </span>
     <span class='ocr_line' id='line_1_12' title="bbox 279 2485 2700 2564; baseline -0.001 -11"><span class='ocrx_word' id='word_1_104' title='bbox 279 2495 489 2553; x_wconf 87' lang='lat' dir='ltr'><strong>catum</strong></span> <span class='ocrx_word' id='word_1_105' title='bbox 533 2485 731 2564; x_wconf 90' lang='lat' dir='ltr'><strong>ibant,</strong></span> <span class='ocrx_word' id='word_1_106' title='bbox 775 2504 953 2551; x_wconf 91' lang='lat' dir='ltr'><strong>suam</strong></span> <span class='ocrx_word' id='word_1_107' title='bbox 1000 2487 1077 2552; x_wconf 93' lang='lat' dir='ltr'><strong>de</strong></span> <span class='ocrx_word' id='word_1_108' title='bbox 1109 2488 1512 2554; x_wconf 87' lang='lat' dir='ltr'><strong>Philostratis</strong></span> <span class='ocrx_word' id='word_1_109' title='bbox 1544 2490 1926 2554; x_wconf 90' lang='lat' dir='ltr'><strong>sententiam</strong></span> <span class='ocrx_word' id='word_1_110' title='bbox 1956 2486 2261 2554; x_wconf 87' lang='lat' dir='ltr'><strong>stabilivit</strong></span> <span class='ocrx_word' id='word_1_111' title='bbox 2287 2486 2700 2563; x_wconf 84' lang='lat' dir='ltr'><strong>documentis,</strong></span> 
     </span>
     <span class='ocr_line' id='line_1_13' title="bbox 275 2584 2698 2676; baseline -0 -18"><span class='ocrx_word' id='word_1_112' title='bbox 275 2584 437 2675; x_wconf 64' lang='lat' dir='ltr'><strong>q‘uae</strong></span> <span class='ocrx_word' id='word_1_113' title='bbox 482 2598 548 2658; x_wconf 91' lang='lat' dir='ltr'><strong>et</strong></span> <span class='ocrx_word' id='word_1_114' title='bbox 594 2610 672 2656; x_wconf 85' lang='lat' dir='ltr'><strong>ex</strong></span> <span class='ocrx_word' id='word_1_115' title='bbox 713 2590 958 2657; x_wconf 91' lang='lat' dir='ltr'><strong>dicendi</strong></span> <span class='ocrx_word' id='word_1_116' title='bbox 1017 2611 1250 2675; x_wconf 84' lang='lat' dir='ltr'><strong>genere</strong></span> <span class='ocrx_word' id='word_1_117' title='bbox 1306 2600 1374 2660; x_wconf 90' lang='lat' dir='ltr'><strong>et</strong></span> <span class='ocrx_word' id='word_1_118' title='bbox 1430 2614 1505 2659; x_wconf 88' lang='lat' dir='ltr'><strong>ex</strong></span> <span class='ocrx_word' id='word_1_119' title='bbox 1548 2596 1739 2660; x_wconf 91' lang='lat' dir='ltr'><strong>rebus</strong></span> <span class='ocrx_word' id='word_1_120' title='bbox 1790 2594 1945 2676; x_wconf 89' lang='lat' dir='ltr'><strong>ipsis</strong></span> <span class='ocrx_word' id='word_1_121' title='bbox 1986 2599 2361 2676; x_wconf 89' lang='lat' dir='ltr'><strong>peterentur</strong></span> <span class='ocrx_word' id='word_1_122' title='bbox 2401 2600 2593 2676; x_wconf 92' lang='lat' dir='ltr'><strong>atque</strong></span> <span class='ocrx_word' id='word_1_123' title='bbox 2634 2592 2698 2657; x_wconf 93' lang='lat' dir='ltr'><strong>in</strong></span> 
     </span>
     <span class='ocr_line' id='line_1_14' title="bbox 273 2697 2700 2782; baseline -0 -18"><span class='ocrx_word' id='word_1_124' title='bbox 273 2699 547 2765; x_wconf 89' lang='lat' dir='ltr'><strong>medium</strong></span> <span class='ocrx_word' id='word_1_125' title='bbox 591 2697 1049 2779; x_wconf 85' lang='lat' dir='ltr'><strong>proferrentur.</strong></span> <span class='ocrx_word' id='word_1_126' title='bbox 1135 2699 1426 2765; x_wconf 90' lang='lat' dir='ltr'><strong>Omnium</strong></span> <span class='ocrx_word' id='word_1_127' title='bbox 1470 2700 1635 2766; x_wconf 91' lang='lat' dir='ltr'><strong>enim</strong></span> <span class='ocrx_word' id='word_1_128' title='bbox 1679 2701 1946 2780; x_wconf 90' lang='lat' dir='ltr'><strong>illorum,</strong></span> <span class='ocrx_word' id='word_1_129' title='bbox 2013 2700 2118 2782; x_wconf 93' lang='lat' dir='ltr'><strong>qui</strong></span> <span class='ocrx_word' id='word_1_130' title='bbox 2175 2704 2326 2764; x_wconf 92' lang='lat' dir='ltr'><strong>ante</strong></span> <span class='ocrx_word' id='word_1_131' title='bbox 2379 2718 2481 2764; x_wconf 88' lang='lat' dir='ltr'><strong>me</strong></span> <span class='ocrx_word' id='word_1_132' title='bbox 2537 2698 2700 2764; x_wconf 90' lang='lat' dir='ltr'><strong>hanc</strong></span> 
     </span>
     <span class='ocr_line' id='line_1_15' title="bbox 276 2804 2695 2888; baseline -0 -19"><span class='ocrx_word' id='word_1_133' title='bbox 276 2805 707 2887; x_wconf 90' lang='lat' dir='ltr'><strong>quaestionem</strong></span> <span class='ocrx_word' id='word_1_134' title='bbox 749 2804 1128 2886; x_wconf 88' lang='lat' dir='ltr'><strong>tractabant,</strong></span> <span class='ocrx_word' id='word_1_135' title='bbox 1179 2806 1483 2888; x_wconf 87' lang='lat' dir='ltr'><strong>judicium</strong></span> <span class='ocrx_word' id='word_1_136' title='bbox 1539 2807 1656 2872; x_wconf 91' lang='lat' dir='ltr'><strong>niti</strong></span> <span class='ocrx_word' id='word_1_137' title='bbox 1703 2807 2039 2872; x_wconf 82' lang='lat' dir='ltr'><strong>maximam</strong></span> <span class='ocrx_word' id='word_1_138' title='bbox 2083 2811 2331 2888; x_wconf 90' lang='lat' dir='ltr'><strong>partem</strong></span> <span class='ocrx_word' id='word_1_139' title='bbox 2374 2804 2510 2871; x_wconf 90' lang='lat' dir='ltr'><strong>sola</strong></span> <span class='ocrx_word' id='word_1_140' title='bbox 2553 2822 2695 2869; x_wconf 90' lang='lat' dir='ltr'><strong>con-</strong></span> 
     </span>
     <span class='ocr_line' id='line_1_16' title="bbox 269 2908 2697 2994; baseline -0.002 -19"><span class='ocrx_word' id='word_1_141' title='bbox 269 2912 540 2993; x_wconf 88' lang='lat' dir='ltr'><strong>jectura,</strong></span> <span class='ocrx_word' id='word_1_142' title='bbox 584 2909 724 2991; x_wconf 90' lang='lat' dir='ltr'><strong>quis</strong></span> <span class='ocrx_word' id='word_1_143' title='bbox 767 2917 865 2975; x_wconf 89' lang='lat' dir='ltr'><strong>est</strong></span> <span class='ocrx_word' id='word_1_144' title='bbox 908 2910 1013 2992; x_wconf 91' lang='lat' dir='ltr'><strong>qui</strong></span> <span class='ocrx_word' id='word_1_145' title='bbox 1055 2914 1291 2993; x_wconf 62' lang='lat' dir='ltr'><strong>neget}&gt;</strong></span> <span class='ocrx_word' id='word_1_146' title='bbox 1374 2913 1597 2994; x_wconf 90' lang='lat' dir='ltr'><strong>Itaque</strong></span> <span class='ocrx_word' id='word_1_147' title='bbox 1654 2931 1910 2994; x_wconf 89' lang='lat' dir='ltr'><strong>operam</strong></span> <span class='ocrx_word' id='word_1_148' title='bbox 1972 2930 2097 2977; x_wconf 92' lang='lat' dir='ltr'><strong>non</strong></span> <span class='ocrx_word' id='word_1_149' title='bbox 2151 2909 2501 2992; x_wconf 89' lang='lat' dir='ltr'><strong>perdidisse</strong></span> <span class='ocrx_word' id='word_1_150' title='bbox 2544 2908 2697 2973; x_wconf 88' lang='lat' dir='ltr'><strong>mihi</strong></span> 
     </span>
     <span class='ocr_line' id='line_1_17' title="bbox 276 3015 2697 3099; baseline -0 -19"><span class='ocrx_word' id='word_1_151' title='bbox 276 3016 494 3082; x_wconf 91' lang='lat' dir='ltr'><strong>videor</strong></span> <span class='ocrx_word' id='word_1_152' title='bbox 551 3015 713 3080; x_wconf 91' lang='lat' dir='ltr'><strong>hanc</strong></span> <span class='ocrx_word' id='word_1_153' title='bbox 767 3017 1121 3097; x_wconf 89' lang='lat' dir='ltr'><strong>inquirendi</strong></span> <span class='ocrx_word' id='word_1_154' title='bbox 1170 3018 1336 3084; x_wconf 87' lang='lat' dir='ltr'><strong>viam</strong></span> <span class='ocrx_word' id='word_1_155' title='bbox 1391 3019 1732 3099; x_wconf 77' lang='lat' dir='ltr'><strong>ingressuS,</strong></span> <span class='ocrx_word' id='word_1_156' title='bbox 1789 3024 1862 3083; x_wconf 94' lang='lat' dir='ltr'><strong>ut</strong></span> <span class='ocrx_word' id='word_1_157' title='bbox 1901 3016 2247 3099; x_wconf 88' lang='lat' dir='ltr'><strong>probabilia</strong></span> <span class='ocrx_word' id='word_1_158' title='bbox 2288 3035 2411 3082; x_wconf 90' lang='lat' dir='ltr'><strong>non</strong></span> <span class='ocrx_word' id='word_1_159' title='bbox 2456 3016 2697 3097; x_wconf 91' lang='lat' dir='ltr'><strong>conjec-</strong></span> 
     </span>
     <span class='ocr_line' id='line_1_18' title="bbox 275 3122 2696 3205; baseline -0.001 -17"><span class='ocrx_word' id='word_1_160' title='bbox 275 3128 423 3188; x_wconf 88' lang='lat' dir='ltr'><strong>tura</strong></span> <span class='ocrx_word' id='word_1_161' title='bbox 483 3140 610 3187; x_wconf 92' lang='lat' dir='ltr'><strong>una</strong></span> <span class='ocrx_word' id='word_1_162' title='bbox 671 3141 991 3205; x_wconf 88' lang='lat' dir='ltr'><strong>sequerer,</strong></span> <span class='ocrx_word' id='word_1_163' title='bbox 1057 3125 1166 3190; x_wconf 90' lang='lat' dir='ltr'><strong>sed</strong></span> <span class='ocrx_word' id='word_1_164' title='bbox 1235 3126 1610 3192; x_wconf 90' lang='lat' dir='ltr'><strong>testimoniis</strong></span> <span class='ocrx_word' id='word_1_165' title='bbox 1675 3124 2100 3204; x_wconf 87' lang='lat' dir='ltr'><strong>defenderem,</strong></span> <span class='ocrx_word' id='word_1_166' title='bbox 2168 3142 2280 3204; x_wconf 91' lang='lat' dir='ltr'><strong>ea,</strong></span> <span class='ocrx_word' id='word_1_167' title='bbox 2346 3140 2507 3205; x_wconf 91' lang='lat' dir='ltr'><strong>quae</strong></span> <span class='ocrx_word' id='word_1_168' title='bbox 2565 3122 2696 3203; x_wconf 84' lang='lat' dir='ltr'><strong>J&#39;am</strong></span> 
     </span>
     <span class='ocr_line' id='line_1_19' title="bbox 275 3227 1186 3307; baseline 0.003 -15"><span class='ocrx_word' id='word_1_169' title='bbox 275 3227 554 3307; x_wconf 89' lang='lat' dir='ltr'><strong>afferam,</strong></span> <span class='ocrx_word' id='word_1_170' title='bbox 600 3232 777 3293; x_wconf 92' lang='lat' dir='ltr'><strong>recte</strong></span> <span class='ocrx_word' id='word_1_171' title='bbox 820 3246 889 3293; x_wconf 92' lang='lat' dir='ltr'><strong>se</strong></span> <span class='ocrx_word' id='word_1_172' title='bbox 933 3227 1186 3295; x_wconf 91' lang='lat' dir='ltr'><strong>habere.</strong></span> 
     </span>
    </p>

    <p class='ocr_par' dir='ltr' id='par_1_2' title="bbox 274 3333 2697 4156">
     <span class='ocr_line' id='line_1_20' title="bbox 440 3333 2697 3418; baseline 0.002 -20"><span class='ocrx_word' id='word_1_173' title='bbox 440 3335 652 3415; x_wconf 90' lang='lat' dir='ltr'><strong>Atque</strong></span> <span class='ocrx_word' id='word_1_174' title='bbox 691 3333 756 3397; x_wconf 92' lang='lat' dir='ltr'><strong>in</strong></span> <span class='ocrx_word' id='word_1_175' title='bbox 799 3334 1245 3402; x_wconf 89' lang='lat' dir='ltr'><strong>conscribendo</strong></span> <span class='ocrx_word' id='word_1_176' title='bbox 1287 3336 1404 3402; x_wconf 92' lang='lat' dir='ltr'><strong>hoc</strong></span> <span class='ocrx_word' id='word_1_177' title='bbox 1449 3337 1748 3418; x_wconf 89' lang='lat' dir='ltr'><strong>opusculo</strong></span> <span class='ocrx_word' id='word_1_178' title='bbox 1791 3355 1931 3401; x_wconf 87' lang='lat' dir='ltr'><strong>eam</strong></span> <span class='ocrx_word' id='word_1_179' title='bbox 1988 3337 2295 3402; x_wconf 91' lang='lat' dir='ltr'><strong>rationem</strong></span> <span class='ocrx_word' id='word_1_180' title='bbox 2339 3354 2477 3401; x_wconf 94' lang='lat' dir='ltr'><strong>sum</strong></span> <span class='ocrx_word' id='word_1_181' title='bbox 2520 3354 2697 3402; x_wconf 83' lang='lat' dir='ltr'><strong>secu-</strong></span> 
     </span>
     <span class='ocr_line' id='line_1_21' title="bbox 275 3436 2697 3523; baseline 0.001 -19"><span class='ocrx_word' id='word_1_182' title='bbox 275 3445 398 3518; x_wconf 87' lang='lat' dir='ltr'><strong>tus,</strong></span> <span class='ocrx_word' id='word_1_183' title='bbox 441 3445 532 3519; x_wconf 90' lang='lat' dir='ltr'><strong>ut,</strong></span> <span class='ocrx_word' id='word_1_184' title='bbox 575 3446 915 3520; x_wconf 88' lang='lat' dir='ltr'><strong>antequam</strong></span> <span class='ocrx_word' id='word_1_185' title='bbox 959 3439 1039 3503; x_wconf 92' lang='lat' dir='ltr'><strong>ad</strong></span> <span class='ocrx_word' id='word_1_186' title='bbox 1082 3460 1219 3506; x_wconf 90' lang='lat' dir='ltr'><strong>rem</strong></span> <span class='ocrx_word' id='word_1_187' title='bbox 1261 3442 1460 3523; x_wconf 90' lang='lat' dir='ltr'><strong>ipsam</strong></span> <span class='ocrx_word' id='word_1_188' title='bbox 1505 3441 1911 3523; x_wconf 84' lang='lat' dir='ltr'><strong>aggrederer,</strong></span> <span class='ocrx_word' id='word_1_189' title='bbox 1956 3436 2196 3522; x_wconf 85' lang='lat' dir='ltr'><strong>genere</strong></span> <span class='ocrx_word' id='word_1_190' title='bbox 2238 3448 2303 3507; x_wconf 92' lang='lat' dir='ltr'><strong>et</strong></span> <span class='ocrx_word' id='word_1_191' title='bbox 2345 3439 2522 3506; x_wconf 90' lang='lat' dir='ltr'><strong>libris</strong></span> <span class='ocrx_word' id='word_1_192' title='bbox 2551 3441 2697 3506; x_wconf 85' lang='lat' dir='ltr'><strong>Phi-</strong></span> 
     </span>
     <span class='ocr_line' id='line_1_22' title="bbox 276 3545 2696 3629; baseline 0.001 -20"><span class='ocrx_word' id='word_1_193' title='bbox 276 3546 680 3611; x_wconf 90' lang='lat' dir='ltr'><strong>lostratorum</strong></span> <span class='ocrx_word' id='word_1_194' title='bbox 738 3562 955 3624; x_wconf 89' lang='lat' dir='ltr'><strong>presse</strong></span> <span class='ocrx_word' id='word_1_195' title='bbox 1014 3546 1348 3628; x_wconf 86' lang='lat' dir='ltr'><strong>descriptis</strong></span> <span class='ocrx_word' id='word_1_196' title='bbox 1408 3564 1502 3627; x_wconf 92' lang='lat' dir='ltr'><strong>ea,</strong></span> <span class='ocrx_word' id='word_1_197' title='bbox 1563 3565 1724 3629; x_wconf 91' lang='lat' dir='ltr'><strong>quae</strong></span> <span class='ocrx_word' id='word_1_198' title='bbox 1771 3546 1892 3612; x_wconf 88' lang='lat' dir='ltr'><strong>viri</strong></span> <span class='ocrx_word' id='word_1_199' title='bbox 1950 3546 2294 3612; x_wconf 88' lang='lat' dir='ltr'><strong>doctissimi</strong></span> <span class='ocrx_word' id='word_1_200' title='bbox 2337 3546 2437 3612; x_wconf 92' lang='lat' dir='ltr'><strong>his</strong></span> <span class='ocrx_word' id='word_1_201' title='bbox 2478 3545 2557 3612; x_wconf 92' lang='lat' dir='ltr'><strong>de</strong></span> <span class='ocrx_word' id='word_1_202' title='bbox 2600 3565 2696 3612; x_wconf 89' lang='lat' dir='ltr'><strong>so-</strong></span> 
     </span>
     <span class='ocr_line' id='line_1_23' title="bbox 276 3650 2695 3735; baseline 0.001 -20"><span class='ocrx_word' id='word_1_203' title='bbox 276 3650 503 3731; x_wconf 88' lang='lat' dir='ltr'><strong>phistis</strong></span> <span class='ocrx_word' id='word_1_204' title='bbox 546 3658 946 3728; x_wconf 89' lang='lat' dir='ltr'><strong>censuerunt,</strong></span> <span class='ocrx_word' id='word_1_205' title='bbox 1010 3654 1226 3733; x_wconf 89' lang='lat' dir='ltr'><strong>paucis</strong></span> <span class='ocrx_word' id='word_1_206' title='bbox 1269 3672 1672 3735; x_wconf 86' lang='lat' dir='ltr'><strong>exponerem,</strong></span> <span class='ocrx_word' id='word_1_207' title='bbox 1729 3660 1865 3719; x_wconf 91' lang='lat' dir='ltr'><strong>tum</strong></span> <span class='ocrx_word' id='word_1_208' title='bbox 1902 3652 2129 3719; x_wconf 90' lang='lat' dir='ltr'><strong>Rohdii</strong></span> <span class='ocrx_word' id='word_1_209' title='bbox 2172 3653 2251 3718; x_wconf 91' lang='lat' dir='ltr'><strong>de</strong></span> <span class='ocrx_word' id='word_1_210' title='bbox 2296 3652 2695 3718; x_wconf 90' lang='lat' dir='ltr'><strong>Philostratis</strong></span> 
     </span>
     <span class='ocr_line' id='line_1_24' title="bbox 275 3755 2694 3841; baseline 0 -21"><span class='ocrx_word' id='word_1_211' title='bbox 275 3756 625 3837; x_wconf 90' lang='lat' dir='ltr'><strong>opinionem</strong></span> <span class='ocrx_word' id='word_1_212' title='bbox 667 3755 953 3822; x_wconf 84' lang='lat' dir='ltr'><strong>refutare</strong></span> <span class='ocrx_word' id='word_1_213' title='bbox 998 3765 1257 3824; x_wconf 91' lang='lat' dir='ltr'><strong>conatus</strong></span> <span class='ocrx_word' id='word_1_214' title='bbox 1292 3760 1425 3841; x_wconf 88' lang='lat' dir='ltr'><strong>jam</strong></span> <span class='ocrx_word' id='word_1_215' title='bbox 1454 3758 1712 3840; x_wconf 89' lang='lat' dir='ltr'><strong>Bergkii</strong></span> <span class='ocrx_word' id='word_1_216' title='bbox 1741 3765 2102 3825; x_wconf 84' lang='lat' dir='ltr'><strong>excuterem</strong></span> <span class='ocrx_word' id='word_1_217' title='bbox 2122 3758 2443 3841; x_wconf 84' lang='lat' dir='ltr'><strong>judicium.</strong></span> <span class='ocrx_word' id='word_1_218' title='bbox 2505 3756 2694 3822; x_wconf 88' lang='lat' dir='ltr'><strong>Brevi</strong></span> 
     </span>
     <span class='ocr_line' id='line_1_25' title="bbox 276 3862 2695 3945; baseline 0.001 -21"><span class='ocrx_word' id='word_1_219' title='bbox 276 3867 490 3926; x_wconf 92' lang='lat' dir='ltr'><strong>autem</strong></span> <span class='ocrx_word' id='word_1_220' title='bbox 533 3863 1042 3941; x_wconf 88' lang='lat' dir='ltr'><strong>gravissimorum</strong></span> <span class='ocrx_word' id='word_1_221' title='bbox 1086 3863 1386 3929; x_wconf 77' lang='lat' dir='ltr'><strong>librorum</strong></span> <span class='ocrx_word' id='word_1_222' title='bbox 1432 3864 1896 3945; x_wconf 87' lang='lat' dir='ltr'><strong>comparatione</strong></span> <span class='ocrx_word' id='word_1_223' title='bbox 1949 3865 2119 3928; x_wconf 87' lang='lat' dir='ltr'><strong>inter</strong></span> <span class='ocrx_word' id='word_1_224' title='bbox 2162 3882 2231 3929; x_wconf 91' lang='lat' dir='ltr'><strong>se</strong></span> <span class='ocrx_word' id='word_1_225' title='bbox 2273 3864 2353 3928; x_wconf 90' lang='lat' dir='ltr'><strong>de</strong></span> <span class='ocrx_word' id='word_1_226' title='bbox 2396 3862 2695 3929; x_wconf 90' lang='lat' dir='ltr'><strong>orationis</strong></span> 
     </span>
     <span class='ocr_line' id='line_1_26' title="bbox 276 3948 2696 4051; baseline 0 -20"><span class='ocrx_word' id='word_1_227' title='bbox 276 3967 686 4032; x_wconf 90' lang='lat' dir='ltr'><strong>similitudine</strong></span> <span class='ocrx_word' id='word_1_228' title='bbox 742 3969 1035 4034; x_wconf 89' lang='lat' dir='ltr'><strong>instituta</strong></span> <span class='ocrx_word' id='word_1_229' title='bbox 1083 3948 1214 4051; x_wconf 84' lang='lat' dir='ltr'><strong>jam</strong></span> <span class='ocrx_word' id='word_1_230' title='bbox 1272 3988 1416 4035; x_wconf 89' lang='lat' dir='ltr'><strong>mea</strong></span> <span class='ocrx_word' id='word_1_231' title='bbox 1459 3969 1779 4035; x_wconf 89' lang='lat' dir='ltr'><strong>sententia</strong></span> <span class='ocrx_word' id='word_1_232' title='bbox 1837 3970 1928 4034; x_wconf 88' lang='lat' dir='ltr'><strong>ita</strong></span> <span class='ocrx_word' id='word_1_233' title='bbox 1970 3968 2316 4035; x_wconf 89' lang='lat' dir='ltr'><strong>absolvitur</strong></span> <span class='ocrx_word' id='word_1_234' title='bbox 2359 3974 2550 4050; x_wconf 91' lang='lat' dir='ltr'><strong>atque</strong></span> <span class='ocrx_word' id='word_1_235' title='bbox 2594 3986 2696 4032; x_wconf 89' lang='lat' dir='ltr'><strong>ar-</strong></span> 
     </span>
     <span class='ocr_line' id='line_1_27' title="bbox 274 4073 2694 4156; baseline 0 -19"><span class='ocrx_word' id='word_1_236' title='bbox 274 4073 591 4154; x_wconf 90' lang='lat' dir='ltr'><strong>gumentis</strong></span> <span class='ocrx_word' id='word_1_237' title='bbox 636 4077 1094 4155; x_wconf 84' lang='lat' dir='ltr'><strong>comprobat-ur,</strong></span> <span class='ocrx_word' id='word_1_238' title='bbox 1137 4082 1210 4142; x_wconf 93' lang='lat' dir='ltr'><strong>ut</strong></span> <span class='ocrx_word' id='word_1_239' title='bbox 1252 4075 1521 4156; x_wconf 87' lang='lat' dir='ltr'><strong>primum</strong></span> <span class='ocrx_word' id='word_1_240' title='bbox 1569 4093 1646 4139; x_wconf 87' lang='lat' dir='ltr'><strong>ex</strong></span> <span class='ocrx_word' id='word_1_241' title='bbox 1690 4074 1952 4155; x_wconf 87' lang='lat' dir='ltr'><strong>singulis</strong></span> <span class='ocrx_word' id='word_1_242' title='bbox 1997 4074 2252 4156; x_wconf 88' lang='lat' dir='ltr'><strong>scriptis</strong></span> <span class='ocrx_word' id='word_1_243' title='bbox 2296 4091 2373 4139; x_wconf 92' lang='lat' dir='ltr'><strong>ea</strong></span> <span class='ocrx_word' id='word_1_244' title='bbox 2412 4073 2694 4155; x_wconf 89' lang='lat' dir='ltr'><strong>afferam,</strong></span> 
     </span>
    </p>
   </div>
   <div class='ocr_carea' id='block_1_2' title="bbox 276 4225 696 4232">
    <p class='ocr_par' dir='ltr' id='par_1_3' title="bbox 276 4225 696 4232">
     <span class='ocr_line' id='line_1_28' title="bbox 276 4225 696 4232; baseline 0 0"><span class='ocrx_word' id='word_1_245' title='bbox 276 4225 696 4232; x_wconf 95' lang='lat' dir='ltr'><strong> </strong></span> 
     </span>
    </p>
   </div>
   <div class='ocr_carea' id='block_1_3' title="bbox 273 4296 2694 4638">
    <p class='ocr_par' dir='ltr' id='par_1_4' title="bbox 273 4296 2694 4638">
     <span class='ocr_line' id='line_1_29' title="bbox 420 4296 2694 4370; baseline -0 -17"><span class='ocrx_word' id='word_1_246' title='bbox 420 4302 474 4368; x_wconf 94' lang='grc'><strong>1)</strong></span> <span class='ocrx_word' id='word_1_247' title='bbox 514 4301 705 4370; x_wconf 86' lang='lat' dir='ltr'><strong>Bergk</strong></span> <span class='ocrx_word' id='word_1_248' title='bbox 740 4301 838 4355; x_wconf 85' lang='lat' dir='ltr'><strong>Th.</strong></span> <span class='ocrx_word' id='word_1_249' title='bbox 880 4302 943 4355; x_wconf 90' lang='lat' dir='ltr'><strong>V.</strong></span> <span class='ocrx_word' id='word_1_250' title='bbox 991 4300 1436 4370; x_wconf 84' lang='lat' dir='ltr'><strong>Abhandlungen</strong></span> <span class='ocrx_word' id='word_1_251' title='bbox 1472 4315 1575 4355; x_wconf 87' lang='lat' dir='ltr'><strong>zur</strong></span> <span class='ocrx_word' id='word_1_252' title='bbox 1612 4299 1807 4355; x_wconf 85' lang='lat' dir='ltr'><strong>Gesch.</strong></span> <span class='ocrx_word' id='word_1_253' title='bbox 1850 4299 1949 4354; x_wconf 88' lang='lat' dir='ltr'><strong>der</strong></span> <span class='ocrx_word' id='word_1_254' title='bbox 1971 4296 2322 4369; x_wconf 75' lang='lat' dir='ltr'><strong>Philosophia</strong></span> <span class='ocrx_word' id='word_1_255' title='bbox 2358 4298 2471 4354; x_wconf 86' lang='lat' dir='ltr'><strong>und</strong></span> <span class='ocrx_word' id='word_1_256' title='bbox 2497 4297 2694 4353; x_wconf 85' lang='lat' dir='ltr'><strong>Astro-</strong></span> 
     </span>
     <span class='ocr_line' id='line_1_30' title="bbox 273 4393 1463 4465; baseline 0 -16"><span class='ocrx_word' id='word_1_257' title='bbox 273 4393 470 4450; x_wconf 88' lang='lat' dir='ltr'><strong>nomie.</strong></span> <span class='ocrx_word' id='word_1_258' title='bbox 546 4394 780 4465; x_wconf 84' lang='lat' dir='ltr'><strong>Leipzig</strong></span> <span class='ocrx_word' id='word_1_259' title='bbox 821 4395 959 4450; x_wconf 75' lang='lat'>1883</span> <span class='ocrx_word' id='word_1_260' title='bbox 995 4411 1123 4465; x_wconf 84' lang='lat' dir='ltr'><strong>pag.</strong></span> <span class='ocrx_word' id='word_1_261' title='bbox 1164 4395 1463 4449; x_wconf 80' lang='lat'>175-184.</span> 
     </span>
     <span class='ocr_line' id='line_1_31' title="bbox 423 4486 2257 4562; baseline -0.003 -17"><span class='ocrx_word' id='word_1_262' title='bbox 423 4490 479 4556; x_wconf 80' lang='lat'><strong>2)</strong></span> <span class='ocrx_word' id='word_1_263' title='bbox 519 4488 819 4560; x_wconf 70' lang='lat' dir='ltr'><strong>Gottinger</strong></span> <span class='ocrx_word' id='word_1_264' title='bbox 853 4489 1108 4560; x_wconf 83' lang='lat' dir='ltr'><strong>gelehrte</strong></span> <span class='ocrx_word' id='word_1_265' title='bbox 1147 4489 1434 4562; x_wconf 87' lang='lat' dir='ltr'><strong>Anzeigen</strong></span> <span class='ocrx_word' id='word_1_266' title='bbox 1473 4488 1630 4544; x_wconf 86' lang='lat'>1884.</span> <span class='ocrx_word' id='word_1_267' title='bbox 1669 4489 1716 4545; x_wconf 90' lang='grc' dir='ltr'><strong>Ι.</strong></span> <span class='ocrx_word' id='word_1_268' title='bbox 1754 4490 1819 4543; x_wconf 91' lang='lat' dir='ltr'><strong>B.</strong></span> <span class='ocrx_word' id='word_1_269' title='bbox 1858 4503 1987 4558; x_wconf 80' lang='lat' dir='ltr'><strong>pag.</strong></span> <span class='ocrx_word' id='word_1_270' title='bbox 2026 4486 2257 4542; x_wconf 83' lang='lat'><strong>32—38.</strong></span> 
     </span>
     <span class='ocr_line' id='line_1_32' title="bbox 2193 4582 2270 4638; baseline 0 -23"><span class='ocrx_word' id='word_1_271' title='bbox 2193 4582 2270 4638; x_wconf 75' lang='grc'><strong>1*</strong></span> 
     </span>
    </p>
   </div>
  </div>
 </body>
</html>
