3109 5142
1434 389 1848 454 *44*

980 564 1090 632 De
1134 566 1468 635 Achillis
1513 576 1591 636 et
1633 571 1991 639 Patrocli
2032 580 2312 640 morte:

443 672 565 735 156
608 671 755 756 (10.
783 721 798 737 .
825 676 868 754 .)
1994 683 2118 746 205
2160 685 2267 762 (18
2293 729 2307 744 .
2334 685 2435 762 ..),
2476 683 2601 748 206
2643 685 2702 763 (1
2736 730 2751 746 .
2778 734 2792 748 .
2820 684 2871 767 .)

831 799 934 863 De
978 800 1446 881 gigantibus
1489 810 1729 886 atque
1773 812 2047 872 terrae
2091 807 2464 873 motibus:

440 906 557 968 177
603 905 748 988 (17.
777 953 791 968 .
819 905 862 986 .)
1808 914 1929 979 138
1975 914 2254 999 (10...),
2301 917 2439 994 139,
2489 918 2606 981 140
2647 913 2869 997 (1...)

1327 1033 1431 1099 De
1474 1039 1968 1104 commercio:

437 1137 560 1202 205
603 1134 823 1220 (6...)
1491 1200 1494 1202 ,
2484 1149 2601 1211 129
2645 1148 2870 1230 (9...)

1349 1265 1460 1330 De
1513 1265 1947 1333 Memnone:

432 1367 556 1431 208
598 1366 818 1449 (4...)
2433 1377 2555 1441 167
2599 1377 2872 1459 (28...)

1032 1493 1137 1557 De
1182 1493 1638 1578 Pythagora
1677 1463 1772 1543 -Ῐ
1803 1497 2262 1579 Euphorbo:
2828 1485 2832 1488 ’

433 1595 558 1658 216
603 1593 791 1677 (28..
820 1595 883 1678 .),
929 1599 1049 1662 307
1091 1600 1236 1680 (30.
1263 1648 1278 1663 .
1305 1602 1370 1681 .),
1520 1596 1529 1605 ’
2435 1606 2556 1669 192
2599 1605 2870 1688 (23...)

436 1702 559 1766 308
602 1702 820 1785 (5...)

1302 1832 1407 1897 De
1463 1833 1988 1916 Cyclopibus:

436 1935 558 1997 223
602 1935 822 2019 (8...)
2481 1946 2598 2008 129
2642 1945 2869 2026 (7...)

648 2114 652 2118 ,
1370 2065 1489 2165 pe
1529 2065 1912 2146 Telepho:

430 2167 554 2229 253
599 2166 858 2250 (20...)
1980 2177 2101 2239 156
2143 2177 2209 2256 (7
2242 2225 2254 2238 .
2285 2223 2299 2238 .
2326 2173 2391 2258 .),
2439 2177 2559 2239 159
2601 2175 2791 2257 (22..
2820 2176 2873 2257 .)

812 2272 819 2281 ”
1288 2295 1396 2361 De
1437 2298 1779 2378 pecunia
1820 2305 2002 2365 etc.:

436 2397 557 2462 305
600 2399 863 2482 (24...)
2444 2407 2561 2469 129
2602 2404 2873 2488 (13...)

431 2544 616 2609 Vita
660 2545 1098 2627 Apollonii:
1787 2522 1798 2531 ’
2051 2552 2460 2633 Imagines
2501 2553 2866 2632 priores:

1254 2672 1365 2737 De
1406 2680 1582 2739 arte
1622 2675 2039 2756 pingendi:

431 2775 512 2838 64
556 2775 794 2856 (5...),
840 2775 938 2855 65,
984 2778 1064 2841 66
1107 2779 1321 2860 (1...)
2473 2781 2597 2845 294
2641 2783 2874 2866 (1...)

291 2876 300 2884 ’
626 2980 630 2989 ,
1234 2902 1341 2966 De
1390 2904 1560 2969 ovis
1611 2906 2054 2971 noctuinis:

435 3010 554 3071 115
596 3009 740 3088 (25.
770 3059 783 3072 .
812 3017 852 3082 .)
2429 3011 2553 3075 366
2598 3012 2791 3093 (25..
2822 3014 2878 3096 .)

1063 3133 1168 3197 De
1214 3134 1621 3200 Vulcaniis
1675 3134 2002 3216 ignibus
2045 3141 2226 3200 eto:

437 3240 555 3301 174
599 3238 706 3315 (25
740 3292 751 3303 .
782 3292 791 3303 .
823 3239 884 3319 .),
934 3243 1049 3303 177
1090 3241 1348 3323 (14...)
2475 3243 2597 3305 365
2642 3241 2791 3326 (3..
2827 3244 2881 3325 .)

1349 3366 1457 3430 De
1501 3366 1934 3432 Memnone:

430 3469 554 3535 208
601 3471 822 3553 (5...)
2242 3474 2383 3551 304,
2435 3475 2558 3538 305
2603 3474 2751 3555 (22.
2780 3523 2799 3539 .
2827 3477 2880 3557 .)

1317 3596 1422 3661 De
1467 3596 1977 3679 Cyclopibus:

428 3703 548 3764 223
595 3702 662 3782 (8
691 3751 703 3765 .
732 3752 745 3766 .
776 3707 816 3778 .)
2431 3703 2553 3766 369
2598 3701 2793 3784 (21..
2829 3702 2879 3784 .)

736 3904 748 3919 ·
1265 3826 1371 3892 De
1416 3827 1593 3892 Nilo
1648 3827 2022 3892 flumine:
2078 3820 2084 3826 ’

433 3932 553 3994 241
601 3933 818 4013 (8...)
2437 3932 2554 3996 301
2601 3931 2799 4012 (15..
2833 3931 2882 4013 .)

1397 4057 1507 4121 De
1546 4057 1878 4138 satyris:
1927 4132 1932 4139 ¹

428 4165 547 4227 241
600 4162 858 4244 (20...)
2433 4163 2556 4227 325
2603 4161 2797 4245 (17..
2832 4163 2879 4242 .)

595 4292 804 4374 Atque
848 4290 1301 4356 Philostratum
1343 4292 1452 4357 III.
1503 4327 1576 4339 -
1624 4292 1790 4358 hunc
1821 4292 1984 4357 enim
2016 4299 2342 4358 auctorem
2386 4308 2527 4357 esse
2572 4289 2878 4373 „Heroici

429 4405 496 4464 et
544 4400 891 4479 Imaginum
934 4398 1167 4479 prior.“
1214 4399 1509 4464 existimo
1553 4437 1633 4447 —
1677 4399 1869 4465 libros
1915 4400 2164 4480 cognati
2205 4400 2319 4478 sui,
2369 4396 2744 4462 Philostrati
2766 4396 2875 4476 11„

426 4506 657 4572 iterum
701 4512 891 4588 atque
934 4505 1186 4585 saepius
1228 4505 1575 4587 perlegisse
1617 4510 2108 4572 consentaneum
2151 4505 2267 4585 sit3
2312 4504 2478 4569 unde
2523 4501 2730 4570 multa
2754 4503 2876 4570 ille
