3109 5142
1274 395 1682 463 „29-

433 568 676 637 Vitae
716 572 1266 654 sophistarum

350 677 434 741 26
475 677 610 759 (12)
704 683 843 756 καὶ,
889 675 1428 767 άπαρακαλύ-

258 806 496 859 πτως
542 779 963 869 ἐκώμαζεν

347 1000 431 1062 28
472 1002 564 1078 (7)
632 1002 714 1065 30
756 999 893 1081 (21)
957 1004 1101 1065 καὶ
1159 994 1250 1068 οὗ
1291 997 1433 1087 χρὴ

255 1103 782 1189 θαυμάζειν,
826 1106 905 1173 εἷ
945 1156 960 1171 .
1008 1156 1024 1172 .
1071 1154 1088 1172 .

353 1299 438 1385 30
479 1318 573 1403 (2)
619 1313 657 1404 ἣ
702 1368 728 1382 ..
766 1369 780 1386 .
828 1371 842 1385 .
889 1322 1432 1395 ξυνετίθει..

255 1422 512 1506 λόγον
563 1420 668 1502 ῶς
709 1423 1064 1513 ἐρῶντος

352 1640 433 1704 43
518 1638 655 1722 (25)
761 1638 979 1705 πολλοὶ
1064 1640 1142 1707 δὲ
1226 1638 1432 1727 ἔθνη

255 1745 528 1810 κυνῶν

348 1934 433 1998 52
447 1935 586 2018 (12)
625 1932 933 2023 φρόνημα
963 1937 1219 2014 καλῶς
1249 1932 1432 2005 ὓπο-

257 2044 734 2127 κρίνασθαι

349 2256 431 2317 53
476 2254 613 2339 (22)
677 2249 868 2342 ἡνία
920 2281 1003 2322 τε
1043 2251 1428 2344 ἐμβέβλη-

256 2382 410 2423 ‘cab

351 2548 604 2629 56(5),
672 2553 791 2615 117
836 2553 935 2637 (9)
1004 2553 1433 2641 περιωπην

264 2650 566 2737 ἔχοντα
608 2664 747 2723 τοῦ
795 2707 808 2723 .
856 2707 872 2726 .
918 2711 933 2726 .

352 2846 592 2928 57(15)
627 2871 725 2924 ως
753 2847 959 2937 πρός
988 2847 1304 2938 τρόπου

350 3143 434 3206 59
475 3140 613 3227 (10)
655 3141 750 3210 τό
795 3145 882 3213 δὲ
923 3141 1067 3213 ἐπὶ
1108 3145 1428 3237 θάτερα

351 3331 434 3397 60
474 3330 609 3415 (30)
654 3328 742 3399 ἐν
786 3328 1051 3426 ὓπήνη
1094 3336 1368 3429 πρώτη

348 3522 425 3584 61
472 3519 607 3603 (10)
692 3518 1004 3601 ἄθλους
1085 3550 1157 3593 τε
1241 3550 1426 3594 ποι-

262 3633 568 3693 εῖσθαι
611 3626 765 3705 τους
808 3677 825 3696 .
872 3682 888 3698 .
935 3682 948 3695 .
996 3680 1010 3695 .

348 3819 426 3880 77
452 3817 585 3900 (32)
629 3815 822 3899 γόνυ
850 3816 1299 3909 κάμψώμεν
1331 3872 1347 3888 .
1375 3873 1427 3891 ..

346 4115 428 4178 85
469 4114 561 4194 (4)
633 4111 905 4195 λόγου
947 4113 1025 4181 δὲ
1086 4113 1430 4202 ἥκοντος

257 4243 343 4294 ες
391 4270 405 4284 .
451 4271 467 4287 .
516 4271 530 4285 .
1344 4262 1349 4267 -

347 4409 469 4472 102
514 4410 650 4493 (26)
723 4408 998 4486 οἰκίας
1071 4406 1267 4478 οὐδὲ
1337 4408 1426 4480 εὖ

260 4514 803 4602 πραττούσης

1452 577 1522 639 et

1730 572 2131 657 Imagines
2172 573 2515 656 priores:

1615 682 1739 750 297
1784 681 1921 762 (12)
2004 678 2093 766 μή
2164 676 2693 767 ἀπαρακαλύ-

1533 810 1747 863 πτως
1787 784 2193 871 κωμάζειν

1617 1001 1741 1065 316
1783 1001 1880 1083 (2)
1942 964 2076 1065 κᾷι
2144 993 2231 1066 οὐ
2290 996 2437 1085 χρὴ,
2492 1004 2693 1066 θαυ-

1532 1104 1857 1190 μάζειν,
1900 1104 1976 1173 εἷ
2017 1153 2030 1169 .
2078 1157 2091 1169 .
2142 1152 2157 1170 .
2674 1141 2678 1145 -

1616 1321 1742 1385 344
1783 1319 1921 1403 (24)
2025 1312 2059 1384 ἕ
2149 1317 2434 1406 μητρυιά
2522 1320 2560 1395 ξ
2571 1341 2609 1385 υ
2624 1342 2696 1383 ν-

1535 1431 1794 1492 θεῒσα
1838 1422 2101 1506 λόγον
2295 1419 2398 1501 ῶς
2438 1420 2697 1514 ἐρῷτο

1616 1640 1739 1704 335
1770 1638 1866 1722 (4)
1905 1636 1989 1702 τά
2032 1636 2231 1723 ἔθνη
2264 1645 2396 1703 τῶν
2434 1637 2699 1702 κυνῶν

1616 1936 1740 1999 375
1768 1933 1904 2018 (18)
1949 1934 2218 2012 καλῶς
2259 1930 2697 2020 υποκρίνε·

1534 2066 1670 2106 ται
1710 2066 1829 2127 την
1869 2040 2093 2128 πάλην

1610 2256 1740 2319 374
1819 2256 1955 2336 (11)
2063 2250 2521 2339 ἐμβέβληκε
2604 2250 2695 2319 δὲ

1527 2355 1775 2446 ἡνίαν

1614 2552 1738 2616 375
1780 2551 1915 2633 (14)
1981 2555 2410 2637 περιωπην
2463 2547 2698 2632 ἔχειν

1530 2682 1673 2724 του
1719 2710 1732 2724 .
1779 2706 1794 2721 .
1840 2710 1853 2724 .

1615 2851 1739 2914 308
1782 2848 1894 2929 (4),
1981 2849 2107 2912 354
2149 2847 2246 2928 (2)

1529 2954 1840 3040 τρόπου
1885 3001 1900 3019 .
1948 3001 1965 3019 .
2012 3002 2029 3021 .

2330 2840 2432 2923 ῶς
2491 2843 2698 2933 πρὸς

1612 3148 1735 3210 347
1767 3142 1873 3229 (7)
1923 3142 2009 3211 τὸ
2053 3142 2142 3211 δὲ
2180 3137 2329 3208 ἐπὶ
2369 3137 2693 3228 θάτερα

1614 3336 1736 3400 337
1777 3334 1916 3417 (18)
1969 3330 2060 3401 ἐν
2100 3329 2367 3421 ὑπήνη
2414 3328 2694 3420 πρώτῃ

1612 3526 1731 3590 361
1758 3523 1894 3608 (10)
1927 3530 2121 3589 τοῦτο
2143 3519 2322 3588 ἑλεῖν
2346 3545 2447 3588 πε
2466 3545 2519 3588 π
2537 3544 2572 3586 ο
2591 3525 2621 3585 ί
2628 3544 2694 3605 η-

1529 3655 1670 3696 ται
1714 3624 1979 3697 ἆθλον

1613 3823 1737 3885 374
1781 3818 1895 3903 (8),
1980 3820 2106 3884 384
2151 3822 2282 3897 (14)
2367 3816 2442 3884 τό
2497 3816 2694 3902 γόνυ

1527 3924 2102 4011 κάμπτουσα’.
2150 3975 2166 3991 .
2213 3975 2229 3991 .

1612 4117 1735 4181 322
1780 4116 1905 4199 (8)·
1956 4114 2202 4198 λόγου
2281 4110 2365 4192 ἕς
2448 4109 2691 4191 αὗτούς

1527 4218 1878 4307 ἥκοντος
1921 4270 1937 4286 .
1983 4271 1996 4285 .
2046 4270 2062 4286 .

1611 4412 1736 4476 382
1800 4411 1939 4495 (18)
2023 4408 2292 4487 οἰκίας
2375 4405 2519 4480 οὖκ
2600 4406 2692 4477 εὖ

1530 4514 2078 4605 πραττούσης
