3109 5142
562 597 630 680 b)
672 599 743 663 In
787 599 934 664 vitis
969 597 1231 681 sophist.
1274 602 1394 665 108
1439 601 1532 682 (2)
1590 601 1893 682 scriptum
1935 600 2203 682 legitur:
2287 602 2618 684 ,,λιμένων
2660 622 2832 685 προ-

392 701 702 786 χώσεις“.
786 705 1061 773 Cobetus
1105 707 1257 773 dicit
1315 707 1549 792 ,,πρὸ“
1603 714 1674 773 et
1725 706 1998 794 ,,πρός“
2051 708 2364 773 tralaticio
2421 726 2635 773 errore
2689 725 2831 775 con-

395 809 538 876 fusa
582 830 721 877 esse
768 819 957 895 atque
992 814 1125 894 Jam
1168 815 1449 895 reponit:
1492 813 1963 901 ,,προσχώσεις
1990 842 2056 872 =
2087 832 2391 897 aggerum
2420 813 2829 894 objectiones;

394 917 559 996 quod
604 919 893 999 equidem
935 917 1206 1000 probare
1250 938 1374 985 non
1420 939 1709 1002 possum3
1754 940 1899 986 nam
1941 921 2262 986 invenitur
2302 918 2365 983 in
2413 919 2709 983 Heroico:
2760 926 2768 933 ’

559 1025 683 1087 212
726 1025 860 1107 (15)
900 1022 1304 1112 ,,προύχωσε
1346 1023 1465 1091 τὶν
1507 1024 1654 1092 istim
1694 1029 1823 1092 τῶν
1864 1031 2273 1111 ποταμῶν“;
2338 1026 2401 1089 in
2447 1022 2830 1104 Imaginibus

394 1146 618 1209 prior.:

555 1236 680 1301 300
721 1237 858 1318 (26)
900 1230 1110 1314 »ὅσος
1153 1235 1530 1317 Αἰγύπτιος
1572 1237 1990 1327 προεχύθη“.

554 1344 613 1417 c)
659 1341 842 1407 Vitae
885 1342 1147 1423 sophist.
1194 1345 1316 1409 109
1358 1343 1496 1427 (23)
1539 1343 1865 1411 exhibent:
1907 1339 2448 1429 ,,(Ἅντίπατρος)
2492 1339 2738 1430 γράφει
2763 1390 2778 1405 .
2808 1390 2823 1405 .

389 1493 404 1508 .
431 1494 446 1509 .
472 1498 485 1512 .
523 1442 885 1533 ἐπιστολὴν
942 1449 1283 1538 μονῳδίαν
1335 1449 1718 1533 ἐπέχουσαν
1769 1457 1883 1517 καὶ
1932 1455 2252 1537 θρῆνον“.
2338 1449 2524 1513 Ratio
2567 1454 2634 1512 et
2676 1466 2828 1513 usus

392 1551 629 1618 Cobeto
672 1554 965 1620 videntur
1005 1556 1344 1636 postulare,
1409 1563 1481 1622 ut
1522 1556 1839 1623 scribatur
1881 1576 1998 1639 pro
2039 1553 2523 1638 ,,ἐπέχουσαν“
2580 1559 2827 1618 mutata

386 1660 848 1740 praepositione
902 1666 1483 1744 ,,περιε’χουσαν“,·
1559 1663 1848 1745 equidem
1892 1662 2214 1741 suadeam,
2283 1668 2352 1727 ut
2418 1661 2822 1724 emendetur:

386 1761 826 1850 ,,ἕπηχοῦσαν
862 1769 1164 1854 θρῆνον“
1205 1768 1548 1834 secundum
1591 1769 1767 1834 illum
1812 1770 1877 1833 in
1920 1768 2189 1834 Heroico
2234 1768 2470 1832 locum:
2514 1768 2641 1831 205
2682 1765 2822 1847 (30)

389 1876 695 1956 »θρνῖνον
737 1870 975 1958 ἤχησεν
1019 1870 1177 1950 ὀξύν
1217 1899 1291 1941 τε
1331 1881 1444 1940 καὶ
1488 1872 1821 1962 ἀθρόονίῑ.

556 1982 762 2062 Atque
804 1981 963 2047 haec
1005 1981 1257 2064 quidem
1300 1983 1379 2048 de
1423 1982 1640 2049 Cobeti
1686 1982 2084 2066 conjecturis

553 2086 621 2169 d)
669 2086 741 2150 In
785 2087 917 2154 vita
952 2089 1257 2170 Apollonii
1305 2092 1429 2155 179
1460 2090 1554 2173 (2)
1599 2090 1699 2154 hic
1740 2090 2061 2156 invenitur
2099 2089 2302 2153 locus:
2345 2081 2431 2162 ὡς
2469 2082 2554 2169 μὴ
2600 2083 2822 2149 δοκοί-

393 2215 473 2277 ην
541 2191 1025 2274 θρασύνεσθαι
1095 2193 1264 2280 πρὸς
1334 2193 1450 2261 τὸν
1522 2188 1780 2280 ἀμελῶς
1845 2191 2017 2260 αὐτοὶ
2090 2192 2447 2259 εἷπόντα“.
2533 2188 2825 2255 Olearius

394 2296 784 2364 emendavit:
869 2295 1287 2383 ,,ἕμμελῶς“
1350 2318 1465 2381 pro
1528 2296 1623 2378 »οἳ
1639 2303 1900 2385 μελῶς“
1956 2305 2056 2382 (ut
2098 2299 2193 2364 rei
2235 2314 2457 2364 sensus
2498 2295 2823 2377 postulat).

385 2404 521 2485 Ego
591 2403 881 2469 existimo
943 2423 1057 2485 pro
1119 2402 1514 2490 ,,ἕμμελῶς“
1577 2405 1976 2491 scribendum
2043 2423 2185 2470 esse
2249 2404 2360 2484 (id,
2424 2401 2590 2484 quod
2656 2400 2823 2464 idem

386 2508 584 2591 valet)
651 2509 873 2593 »πρὸς
928 2510 1044 2576 τὸν
1106 2512 1193 2596 μη
1261 2509 1522 2597 ἀμελῶς
1587 2509 1762 2578 auito?
1836 2510 2187 2579 εἷπόντα“.
2275 2510 2696 2576 Philostratus
2740 2506 2819 2571 Il.

388 2616 554 2680 enim
598 2616 765 2681 haud
806 2634 953 2682 raro
998 2617 1256 2700 „litote“
1312 2619 1518 2683 utitur
1578 2625 1771 2702 atque
1828 2619 2162 2700 negatione
2214 2615 2401 2701 ,,μη“
2442 2632 2583 2680 cum
2624 2613 2825 2694 parti·-

385 2721 544 2802 cipio
586 2741 700 2802 pro
754 2717 939 2800 „013“
960 2723 1014 2806 1)
1029 2753 1048 2802 ,·
1121 2724 1518 2805 negationem
1576 2724 1762 2810 ,,μη““
1811 2731 2024 2790 autem
2082 2723 2383 2806 perfacile
2439 2718 2821 2785 intercidere

382 2828 681 2908 potuisse,
724 2828 864 2910 quis
908 2835 1009 2893 est
1050 2829 1156 2910 qui
1195 2828 1547 2896 infitietur?

551 2936 613 3016 e)
653 2934 724 2999 In
770 2934 1149 3016 Imaginibus
1188 2934 1499 3017 prioribus
1544 2933 1694 3022 [tab.
1748 2936 1821 3014 ιζ’
1867 2939 2181 3020 „Nm-off
2224 2953 2280 3015 p.
2314 2936 2435 2998 365
2461 2930 2621 3016 (11)]
2667 2948 2815 3012 pro:

382 3039 691 3125 ,,(νῆσος)
740 3037 1092 3127 ἀσφάλτου
1137 3046 1249 3107 καὶ
1290 3047 1490 3109 θείου
1534 3046 1959 3129 παρεχομένη
2016 3045 2366 3127 κρᾶσιν“
2422 3040 2589 3105 Sem.
2631 3032 2817 3101 Vind.

383 3142 526 3211 Sod.
567 3154 831 3212 censent
873 3149 1206 3229 legendum
1250 3167 1418 3214 esse:
1466 3198 1478 3212 .
1529 3199 1544 3215 .
1594 3197 1609 3212 .
1652 3199 1667 3214 .
1710 3154 2132 3237 παρεχομένη
2177 3145 2463 3232 ‹pio-cm
2510 3143 2621 3209 sed
2665 3141 2820 3207 mihi

383 3267 506 3316 vox
569 3260 907 3335 ,,κρᾶσιν“
977 3254 1288 3321 servanda
1358 3274 1500 3321 esse
1565 3256 1819 3322 videtur
1882 3255 2244 3336 respicienti
2307 3252 2483 3317 illum
2546 3251 2611 3314 in
2683 3248 2815 3311 vita

381 3359 723 3439 Apollonii:
767 3380 825 3441 p.
885 3367 999 3427 177
1057 3364 1163 3443 (29
1206 3362 1367 3446 sqq.)
1423 3364 1660 3429 locum:
1742 3370 1872 3447 »νῆ
1928 3372 2236 3444 κρᾶσιν
2291 3356 2644 3445 ἀσφάλτου
2700 3357 2816 3419 καὶ

380 3469 579 3530 θείου
624 3472 1041 3553 παρεχομένη
1084 3467 1365 3553 τύφεται
1411 3520 1425 3534 .
1472 3518 1487 3535 .
1534 3519 1548 3534 .
1595 3470 1757 3557 παρ’
1801 3465 2041 3554 ἑαυτῆς
2082 3467 2357 3554 φύσειῑί.

409 3600 827 3631 —q—

412 3632 484 3743 ’1)
523 3662 589 3717 In
627 3662 748 3717 vita
787 3662 1059 3730 Apollonii
1104 3663 1368 3718 tricies
1405 3663 1667 3733 sexie8‚
1725 3662 1781 3717 in
1828 3662 1962 3718 vitis
2017 3661 2388 3731 sophistarum
2428 3653 2813 3726 quinquies

379 3759 632 3824 decieS,
674 3765 779 3814 ter
817 3758 874 3813 in
909 3759 1282 3828 Gymnastico.
