3109 5142
1243 362 1657 426 ...41-

398 546 471 627 b)
512 545 608 611 De
652 544 911 611 Achillis
950 549 1154 610 morte
1207 543 1364 609 haec
1405 542 1558 609 mihi
1599 560 1720 607 non
1763 541 1949 622 plane
2006 540 2175 606 inter
2217 559 2286 606 se
2333 537 2666 606 convenire

230 652 528 717 videntur

488 757 674 822 Vita
726 757 1148 839 Apollonii:

322 866 441 927 136
473 864 604 945 (10)
647 870 918 946 »κεῖμαι
948 867 1140 946 μένίί,
1181 859 1396 939 εἶπεν,

233 964 377 1046 »ὥς
420 967 646 1052 ἔμοιγε
691 965 963 1053 ἥδιστον
994 973 1104 1033 καὶ
1127 965 1396 1051 Πατρό-
1500 1015 1514 1030 .
1565 1015 1580 1029 .

235 1077 363 1163 κλῳ
406 1071 691 1156 ἐγένετο,
749 1077 1105 1159 ξυνέβημεν
1146 1073 1272 1159 γάρ
1319 1072 1398 1156 δὴ

234 1181 470 1271 κομιδῇ
517 1186 693 1258 νέοι,
761 1184 1021 1264 ξυνέχει
1066 1180 1141 1246 δὲ
1199 1175 1400 1264 ἄμφω

236 1294 524 1374 χρυσοῦς
609 1283 953 1372 ἇμφορεύς
1035 1290 1399 1370 κειμένους,

238 1389 327 1469 ὥς
400 1392 538 1457 ἕνα.
643 1396 942 1460 Μουσῶν
1008 1394 1084 1458 δὲ
1154 1398 1399 1477 θρῆνοι

239 1504 350 1562 καὶ
422 1499 802 1584 Νηρηίδων,
882 1494 996 1574 οὓς
1067 1494 1174 1563 ἐπ’
1250 1492 1402 1581 ἐμοὶ

240 1609 563 1686 γενέσθαι
635 1612 842 1689 φασί,
927 1611 1210 1669 Μοῦσαι
1280 1606 1402 1686 μὲν

244 1706 381 1775 οὐδ’
449 1706 771 1795 ἀφίκοντό
848 1736 1013 1777 ποτε
1076 1706 1402 1787 ἐνταῦθα,

242 1818 666 1901 Νηρηίδες
746 1817 831 1882 δὲ
907 1816 1033 1882 ἔτι
1105 1824 1400 1902 φοιτῶ-

245 1928 450 1987 σικ“

1867 754 1925 818 H
1943 773 1977 818 e
1992 773 2024 817 r
2038 753 2108 818 oi
2124 772 2157 818 c
2174 772 2214 817 u
2232 771 2290 819 s:

1579 863 1703 925 205
1746 859 1882 942 (17)
1949 855 1994 923 ἃ
2041 859 2117 924 δὲ
2158 867 2247 948 τῷ
2279 855 2537 946 Ὁμήρῳ
2583 906 2599 921 .
2649 906 2663 921 .

1628 1015 1640 1029 .
1679 967 1960 1051 εἴρηται,
2006 1014 2194 1031 .....
2243 961 2333 1040 ὥς
2379 958 2664 1028 οἷποθα-

1499 1072 1701 1137 νόντα
1781 1067 2083 1153 Ἀχιλλέα
2176 1072 2463 1136 Μοῦσαι
2546 1072 2670 1153 μὲν

1499 1173 1704 1266 ᾠδαῖς
1747 1173 2151 1263 ἕθρήνησαν,
2223 1175 2548 1262 Νηρηίδες
2590 1176 2667 1239 δὲ

1499 1285 1784 1368 πληγαῖς
1803 1293 1932 1348 τῶν
1965 1288 2277 1369 στέρνων,
2325 1279 2402 1348 οὖ
2437 1306 2663 1367 παρα-

1500 1390 1674 1456 πολύ
1749 1410 1916 1474 φησι
1982 1387 2363 1472 (Ἀχιλλεύς)
2436 1412 2667 1470 κεκομ-

1501 1496 1802 1573 πάσθαι,
1850 1494 2140 1570 Μούσας
2178 1498 2302 1579 μὲν
2346 1492 2470 1577 γὰρ
2517 1490 2672 1558 οὔτε

1502 1599 1903 1687 ἀφικέσθαι,
1986 1599 2139 1666 οὔτε
2197 1596 2390 1688 ᾆσαι,
2476 1624 2510 1666 ο
2528 1593 2566 1665 ὗ
2583 1599 2623 1664 δ
2639 1603 2671 1664 ὲ

1507 1709 1937 1796 Νηρηίδων
2022 1709 2205 1771 τινὰ
2288 1702 2625 1792 ὀφθῆνα
2648 1729 2672 1769 ι

1503 1825 1606 1903 τῷ
1651 1815 2000 1902 στρατῷ,
2058 1819 2337 1881 καίτοι
2380 1836 2668 1894 γιγνω-

1505 1924 1922 2004 σκομένας
1966 1918 2093 1985 ὅτι
2116 1922 2167 2002 1)
2223 1915 2415 2005 ἣκου
2436 1939 2587 1983 σιν.

410 2059 503 2125 Ibi
546 2059 711 2125 enim
754 2059 1060 2124 Nereides
1114 2077 1194 2124 ne
1247 2060 1496 2141 sepulto
1551 2057 1802 2139 quidem
1844 2057 2088 2121 Achille
2131 2074 2439 2137 apparere
2482 2055 2675 2121 desti-

242 2165 396 2230 tisse
436 2166 784 2245 exponitur,
830 2164 929 2228 hic
973 2163 1166 2229 ullam
1212 2183 1430 2229 earum
1474 2163 1757 2229 Thetidis
1800 2162 1927 2227 filio
1971 2169 2218 2228 mortuo
2260 2161 2338 2227 ab
2385 2162 2673 2227 exercitu

244 2276 637 2352 conspectam
680 2289 817 2336 esse
860 2277 1147 2352 negatur,
1193 2289 1568 2352 quamquam
1598 2275 2076 2350 cognoscuntur,
2121 2288 2262 2335 cum
2306 2268 2668 2333 adveniunt.

411 2399 474 2474 c)
522 2395 616 2459 De
662 2395 903 2460 Helena
946 2394 1214 2477 denique
1270 2393 1440 2460 haud
1495 2395 1624 2460 scio
1677 2412 1757 2459 an
1819 2412 1939 2509 non
1994 2393 2163 2458 inter
2206 2412 2276 2459 se
2323 2403 2671 2477 congruant

246 2502 356 2567 illa
401 2501 593 2567 verba

495 2607 676 2673 Vita
721 2607 1158 2687 Apollonii:

308 2715 423 2779 136
441 2712 577 2797 (23)
599 2713 983 2791 ,,πολυ’ν“,
1006 2711 1410 2799 ἔφη,,,χρό-

253 2844 394 2884 νον
499 2815 1116 2903 ἕξηπατώμεθα
1217 2843 1408 2903 πρε-

253 2924 742 3009 σβευόμενοι
800 2949 885 2990 τε
940 2923 1164 3013 παρὰ
1212 2925 1412 3000 τους

257 3032 526 3116 Τρῶας
554 3036 688 3096 καὶ
720 3030 1233 3115 ποιούμενοι
1265 3030 1412 3106 τας

253 3133 463 3220 υπὲρ
508 3130 757 3223 αυτῆς
799 3135 1104 3221 μάχας,
1183 3133 1284 3213 ὡς
1325 3134 1413 3202 ἐν

256 3245 356 3332 τῶ
387 3240 593 3333 Ιλίῳ
640 3240 920 3327 ου’,σης
987 3241 1023 3329 ἣ
1086 3243 1144 3308 δ’
1197 3244 1409 3325 Λίγυ-

254 3347 424 3415 πτόν
465 3374 537 3415 τε
580 3343 771 3438 ᾤκει.
854 3399 914 3415 ..
962 3347 1409 3433 ἁρπασθεῖσα

254 3453 394 3522 υπὸ
440 3465 556 3521 τοῦ
597 3453 919 3538 Παριδος.
964 3452 1117 3522 επεὶ
1162 3453 1302 3522 δε)
1266 3482 1413 3523 επι-

255 3560 507 3646 στεύθη
553 3563 777 3639 τοῦτο,
851 3558 1019 3644 ὑπὲρ
1059 3555 1262 3648 αὗτῆς
1303 3571 1414 3646 τῆς

257 3674 505 3756 Τροίας
549 3668 789 3734 λοιπὸν
833 3665 1300 3752 ἕμαχόμεθα.“

1880 2607 2292 2671 Heroicus:

1598 2713 1715 2777 163
1800 2714 1933 2792 (21)
2031 2708 2381 2801 ἐξῃρήσθω
2470 2712 2549 2798 δὴ
2635 2710 2671 2780 ὃ

1511 2814 1715 2899 ἀγών,
1763 2814 1839 2882 ὃν
1881 2839 2085 2904 φησιν
2102 2817 2379 2904 Ὅμηρος
2425 2816 2668 2901 ἀγωνί-

1512 2931 1780 2990 σασθαι
1822 2928 1910 3013 τῷ
1951 2926 2267 3013 Μενέλεῳ
2310 2924 2425 2990 τὸν
2447 2924 2673 3013 Πάριν

1510 3027 1627 3096 ἐπὶ
1712 3031 2049 3106 σπονδαῖς
2133 3038 2250 3095 τοῦ
2353 3033 2669 3118 πολέμου·

1510 3136 1652 3201 κατ’
1699 3135 2052 3218 Αἴγυπτόν
2089 3160 2161 3201 τε
2202 3135 2330 3221 γάρ
2363 3133 2702 3222 τὴν(Ελέ-’

1511 3268 1628 3328 νην
1695 3241 1871 3308 εἶναι
1957 3247 2069 3309 καὶ
2152 3242 2307 3319 τοὺς
2367 3239 2676 3326 Ἀχαιοὺς

1512 3350 1776 3416 πάλαι
1859 3358 2100 3416 τοῦτο
2186 3348 2671 3431 γιγνώσκον-

1513 3481 1664 3533 τας
1706 3454 1918 3546 ἐκείνῃ
1963 3459 2086 3540 μὲν
2123 3451 2468 3541 ἐρρῶσθαι
2498 3459 2673 3545 φρά-

1515 3565 1675 3640 ζειν,
1756 3561 2103 3647 μοὶχεσθαι
2172 3562 2247 3628 δὲ
2313 3560 2483 3650 ὑπὲρ
2556 3568 2675 3631 τοῦ

1515 3667 1588 3734 ἓν
1628 3674 1839 3758 Τροίᾳ
1884 3668 2198 3735 πλούτου.

420 3789 659 3853 Auctor
730 3788 937 3870 „vitae
980 3785 1326 3868 Apollonii“
1395 3787 1735 3851 memoriae
1799 3787 2009 3868 prodit
2076 3788 2354 3854 Graecos
2424 3789 2678 3871 longum

253 3913 371 3977 per
411 3901 664 3974 tempus
707 3892 1002 3974 deceptos
1045 3899 1237 3973 atque
1278 3893 1341 3956 in
1387 3911 1666 3958 errorem
1708 3892 1994 3959 inductos
2031 3894 2345 3975 Judicasse
2370 3895 2680 3961 Helenam

256 4003 424 4067 intra
467 4000 693 4066 Troiae
735 4001 980 4066 moenia
1023 4000 1285 4079 versari,
1328 4006 1395 4064 at
1449 4001 1864 4084 „Heroicum“
1908 4002 2015 4082 qui
2056 4003 2339 4084 confecit,
2386 4004 2682 4071 Troiano-

257 4127 397 4173 rum
440 4107 835 4172 adversarios
871 4108 1004 4188 jam
1047 4107 1288 4188 pridem
1336 4107 1653 4188 cognitum
1707 4106 1998 4173 habuisse
2067 4110 2128 4171 in
2189 4112 2477 4192 Aegypto
2543 4129 2680 4177 esse

258 4213 565 4279 Helenam
607 4213 781 4278 nobis
822 4217 1064 4278 narrat.

424 4317 666 4400 Itaque,
712 4338 853 4384 cum
896 4319 1214 4408 complura
1263 4319 1665 4385 inveniantur
1707 4319 1771 4384 in
1814 4320 1943 4385 vita
1988 4320 2295 4402 Apollonii
2342 4329 2406 4387 et
2448 4323 2511 4387 in
2555 4324 2683 4389 He-

2403 4458 2453 4505 ‘r'

407 4492 461 4563 1)
500 4493 669 4551 codex
706 4493 928 4551 Heroici
970 4494 1080 4563 „G“
1120 4495 1290 4552 habet
1326 4489 1518 4561 ,,ὃ’τι“,
1562 4493 1775 4551 codices
1812 4494 1908 4564 „E,
1945 4494 2021 4549 13⁴⁶
2065 4495 2325 4553 exhibent
2362 4494 2556 4561 ,,”οτε“.
