<?xml version="1.0" encoding="UTF-8"?>
<!DOCTYPE html PUBLIC "-//W3C//DTD XHTML 1.0 Transitional//EN"
    "http://www.w3.org/TR/xhtml1/DTD/xhtml1-transitional.dtd">
<html xmlns="http://www.w3.org/1999/xhtml" xml:lang="en" lang="en">
 <head>
  <title>
</title>
<meta http-equiv="Content-Type" content="text/html;charset=utf-8" />
  <meta name='ocr-system' content='tesseract 3.04.00' />
  <meta name='ocr-capabilities' content='ocr_page ocr_carea ocr_par ocr_line ocrx_word'/>
</head>
<body>
  <div class='ocr_page' id='page_1' title='image "./dephilostratiss00fertgoog_0050.png"; bbox 0 0 3109 5142; ppageno 0'>
   <div class='ocr_carea' id='block_1_1' title="bbox 1358 354 1772 459">
    <p class='ocr_par' dir='ltr' id='par_1_1' title="bbox 1358 354 1772 459">
     <span class='ocr_line' id='line_1_1' title="bbox 1358 354 1772 459; baseline -0.002 -17"><span class='ocrx_word' id='word_1_1' title='bbox 1358 354 1772 459; x_wconf 60' lang='lat' dir='ltr'>—4sss-</span> 
     </span>
    </p>
   </div>
   <div class='ocr_carea' id='block_1_2' title="bbox 351 573 2797 1188">
    <p class='ocr_par' dir='ltr' id='par_1_2' title="bbox 351 573 2797 1188">
     <span class='ocr_line' id='line_1_2' title="bbox 527 573 2786 658; baseline -0.003 -13"><span class='ocrx_word' id='word_1_2' title='bbox 527 576 681 645; x_wconf 91' lang='lat' dir='ltr'>Cum</span> <span class='ocrx_word' id='word_1_3' title='bbox 749 575 1114 658; x_wconf 84' lang='lat' dir='ltr'>Apollonius</span> <span class='ocrx_word' id='word_1_4' title='bbox 1178 594 1317 642; x_wconf 88' lang='lat' dir='ltr'>cum</span> <span class='ocrx_word' id='word_1_5' title='bbox 1380 576 1625 657; x_wconf 91' lang='lat' dir='ltr'>Iarcha,</span> <span class='ocrx_word' id='word_1_6' title='bbox 1698 576 1976 658; x_wconf 82' lang='lat' dir='ltr'>principe</span> <span class='ocrx_word' id='word_1_7' title='bbox 2040 573 2416 657; x_wconf 88' lang='lat' dir='ltr'>sapientium</span> <span class='ocrx_word' id='word_1_8' title='bbox 2488 573 2786 639; x_wconf 84' lang='lat' dir='ltr'>Indorum</span> 
     </span>
     <span class='ocr_line' id='line_1_3' title="bbox 356 680 2788 766; baseline -0.003 -14"><span class='ocrx_word' id='word_1_9' title='bbox 356 686 840 766; x_wconf 79' lang='lat' dir='ltr'>colloqueretur,</span> <span class='ocrx_word' id='word_1_10' title='bbox 912 684 1142 748; x_wconf 81' lang='lat' dir='ltr'>multos</span> <span class='ocrx_word' id='word_1_11' title='bbox 1197 683 1426 749; x_wconf 86' lang='lat' dir='ltr'>auxilio</span> <span class='ocrx_word' id='word_1_12' title='bbox 1481 694 1745 764; x_wconf 83' lang='lat' dir='ltr'>egentes</span> <span class='ocrx_word' id='word_1_13' title='bbox 1788 702 1861 748; x_wconf 92' lang='lat' dir='ltr'>eo</span> <span class='ocrx_word' id='word_1_14' title='bbox 1906 684 2151 747; x_wconf 87' lang='lat' dir='ltr'>venisse</span> <span class='ocrx_word' id='word_1_15' title='bbox 2190 682 2251 745; x_wconf 89' lang='lat' dir='ltr'>in</span> <span class='ocrx_word' id='word_1_16' title='bbox 2301 682 2429 746; x_wconf 88' lang='lat' dir='ltr'>vita</span> <span class='ocrx_word' id='word_1_17' title='bbox 2474 680 2788 761; x_wconf 86' lang='lat' dir='ltr'>Apollonii</span> 
     </span>
     <span class='ocr_line' id='line_1_4' title="bbox 355 785 2791 870; baseline -0.003 -14"><span class='ocrx_word' id='word_1_18' title='bbox 355 810 393 856; x_wconf 91' lang='lat' dir='ltr'>a</span> <span class='ocrx_word' id='word_1_19' title='bbox 440 790 822 855; x_wconf 80' lang='lat' dir='ltr'><strong>Philostrato</strong></span> <span class='ocrx_word' id='word_1_20' title='bbox 863 789 937 855; x_wconf 87' lang='lat'>11.</span> <span class='ocrx_word' id='word_1_21' title='bbox 986 789 1353 870; x_wconf 83' lang='lat' dir='ltr'>exponitur3</span> <span class='ocrx_word' id='word_1_22' title='bbox 1424 790 1485 854; x_wconf 92' lang='lat' dir='ltr'>in</span> <span class='ocrx_word' id='word_1_23' title='bbox 1542 790 1642 854; x_wconf 87' lang='lat' dir='ltr'>his</span> <span class='ocrx_word' id='word_1_24' title='bbox 1684 789 1878 855; x_wconf 90' lang='lat' dir='ltr'>fuisse</span> <span class='ocrx_word' id='word_1_25' title='bbox 1922 796 2168 870; x_wconf 88' lang='lat' dir='ltr'>patrem</span> <span class='ocrx_word' id='word_1_26' title='bbox 2214 786 2594 869; x_wconf 83' lang='lat' dir='ltr'>aliquamdiu</span> <span class='ocrx_word' id='word_1_27' title='bbox 2634 785 2791 850; x_wconf 88' lang='lat' dir='ltr'>bea-</span> 
     </span>
     <span class='ocr_line' id='line_1_5' title="bbox 353 892 2794 977; baseline -0.003 -14"><span class='ocrx_word' id='word_1_28' title='bbox 353 902 489 963; x_wconf 86' lang='lat' dir='ltr'>tum</span> <span class='ocrx_word' id='word_1_29' title='bbox 532 896 923 977; x_wconf 81' lang='lat' dir='ltr'>possessione</span> <span class='ocrx_word' id='word_1_30' title='bbox 965 896 1334 975; x_wconf 84' lang='lat' dir='ltr'>liberorum3</span> <span class='ocrx_word' id='word_1_31' title='bbox 1380 896 1494 961; x_wconf 90' lang='lat' dir='ltr'>sed</span> <span class='ocrx_word' id='word_1_32' title='bbox 1535 896 1668 973; x_wconf 80' lang='lat' dir='ltr'>hos,</span> <span class='ocrx_word' id='word_1_33' title='bbox 1713 895 2090 976; x_wconf 78' lang='lat' dir='ltr'>simulatque</span> <span class='ocrx_word' id='word_1_34' title='bbox 2134 895 2345 959; x_wconf 88' lang='lat' dir='ltr'>vinum</span> <span class='ocrx_word' id='word_1_35' title='bbox 2391 892 2603 957; x_wconf 87' lang='lat' dir='ltr'>bibere</span> <span class='ocrx_word' id='word_1_36' title='bbox 2646 911 2794 956; x_wconf 86' lang='lat' dir='ltr'>coe-</span> 
     </span>
     <span class='ocr_line' id='line_1_6' title="bbox 351 1001 2792 1085; baseline -0 -19"><span class='ocrx_word' id='word_1_37' title='bbox 351 1003 614 1085; x_wconf 90' lang='lat' dir='ltr'>pissent,</span> <span class='ocrx_word' id='word_1_38' title='bbox 701 1021 840 1067; x_wconf 89' lang='lat' dir='ltr'>esse</span> <span class='ocrx_word' id='word_1_39' title='bbox 884 1002 1098 1069; x_wconf 90' lang='lat' dir='ltr'>morbo</span> <span class='ocrx_word' id='word_1_40' title='bbox 1143 1002 1524 1084; x_wconf 89' lang='lat' dir='ltr'>absumptos.</span> <span class='ocrx_word' id='word_1_41' title='bbox 1616 1004 1776 1068; x_wconf 86' lang='lat' dir='ltr'>Huic</span> <span class='ocrx_word' id='word_1_42' title='bbox 1831 1004 2027 1085; x_wconf 87' lang='lat' dir='ltr'>igitur</span> <span class='ocrx_word' id='word_1_43' title='bbox 2084 1003 2338 1067; x_wconf 89' lang='lat' dir='ltr'>Iarchas</span> <span class='ocrx_word' id='word_1_44' title='bbox 2403 1001 2620 1080; x_wconf 82' lang='lat' dir='ltr'>suasit,</span> <span class='ocrx_word' id='word_1_45' title='bbox 2691 1007 2792 1081; x_wconf 88' lang='lat' dir='ltr'>ut,</span> 
     </span>
     <span class='ocr_line' id='line_1_7' title="bbox 355 1108 2797 1188; baseline -0.003 -11"><span class='ocrx_word' id='word_1_46' title='bbox 355 1114 407 1177; x_wconf 90' lang='lat' dir='ltr'>si</span> <span class='ocrx_word' id='word_1_47' title='bbox 451 1129 672 1175; x_wconf 89' lang='lat' dir='ltr'>rursus</span> <span class='ocrx_word' id='word_1_48' title='bbox 723 1110 934 1176; x_wconf 85' lang='lat' dir='ltr'>infans</span> <span class='ocrx_word' id='word_1_49' title='bbox 997 1118 1186 1176; x_wconf 90' lang='lat' dir='ltr'>natus</span> <span class='ocrx_word' id='word_1_50' title='bbox 1249 1117 1437 1185; x_wconf 81' lang='lat' dir='ltr'>esset,</span> <span class='ocrx_word' id='word_1_51' title='bbox 1509 1110 1894 1188; x_wconf 88' lang='lat' dir='ltr'>observaret,</span> <span class='ocrx_word' id='word_1_52' title='bbox 1966 1110 2071 1176; x_wconf 90' lang='lat' dir='ltr'>ubi</span> <span class='ocrx_word' id='word_1_53' title='bbox 2142 1118 2373 1176; x_wconf 87' lang='lat' dir='ltr'>noctua</span> <span class='ocrx_word' id='word_1_54' title='bbox 2437 1108 2797 1174; x_wconf 87' lang='lat' dir='ltr'>nidificaret</span> 
     </span>
    </p>
   </div>
   <div class='ocr_carea' id='block_1_3' title="bbox 353 1213 2795 1402">
    <p class='ocr_par' dir='ltr' id='par_1_3' title="bbox 353 1213 2795 1402">
     <span class='ocr_line' id='line_1_8' title="bbox 356 1213 2793 1300; baseline -0.002 -17"><span class='ocrx_word' id='word_1_55' title='bbox 356 1218 618 1299; x_wconf 77' lang='lat' dir='ltr'>eJusque</span> <span class='ocrx_word' id='word_1_56' title='bbox 661 1220 850 1298; x_wconf 85' lang='lat' dir='ltr'>rapta</span> <span class='ocrx_word' id='word_1_57' title='bbox 891 1237 1008 1283; x_wconf 90' lang='lat' dir='ltr'>ova</span> <span class='ocrx_word' id='word_1_58' title='bbox 1051 1216 1452 1283; x_wconf 84' lang='lat' dir='ltr'>mediocriter</span> <span class='ocrx_word' id='word_1_59' title='bbox 1494 1225 1672 1283; x_wconf 91' lang='lat' dir='ltr'>cocta</span> <span class='ocrx_word' id='word_1_60' title='bbox 1713 1216 1960 1296; x_wconf 87' lang='lat' dir='ltr'>infanti,</span> <span class='ocrx_word' id='word_1_61' title='bbox 2016 1218 2376 1300; x_wconf 84' lang='lat' dir='ltr'>priusquam</span> <span class='ocrx_word' id='word_1_62' title='bbox 2422 1217 2630 1281; x_wconf 90' lang='lat' dir='ltr'>vinum</span> <span class='ocrx_word' id='word_1_63' title='bbox 2675 1213 2793 1278; x_wconf 86' lang='lat' dir='ltr'>de-</span> 
     </span>
     <span class='ocr_line' id='line_1_9' title="bbox 353 1318 2795 1402; baseline 0 -17"><span class='ocrx_word' id='word_1_64' title='bbox 353 1324 696 1402; x_wconf 83' lang='lat' dir='ltr'>gustasset,</span> <span class='ocrx_word' id='word_1_65' title='bbox 770 1318 1107 1399; x_wconf 86' lang='lat' dir='ltr'>praeberet</span> <span class='ocrx_word' id='word_1_66' title='bbox 1151 1318 1564 1399; x_wconf 84' lang='lat' dir='ltr'>comedenda;</span> <span class='ocrx_word' id='word_1_67' title='bbox 1647 1337 1791 1383; x_wconf 90' lang='lat' dir='ltr'>nam</span> <span class='ocrx_word' id='word_1_68' title='bbox 1857 1318 1974 1383; x_wconf 91' lang='lat' dir='ltr'>hoc</span> <span class='ocrx_word' id='word_1_69' title='bbox 2020 1319 2072 1383; x_wconf 91' lang='lat' dir='ltr'>si</span> <span class='ocrx_word' id='word_1_70' title='bbox 2117 1318 2349 1383; x_wconf 88' lang='lat' dir='ltr'>factum</span> <span class='ocrx_word' id='word_1_71' title='bbox 2397 1325 2585 1398; x_wconf 89' lang='lat' dir='ltr'>esset,</span> <span class='ocrx_word' id='word_1_72' title='bbox 2659 1319 2795 1386; x_wconf 90' lang='lat' dir='ltr'>vini</span> 
     </span>
    </p>
   </div>
   <div class='ocr_carea' id='block_1_4' title="bbox 355 1424 2794 1598">
    <p class='ocr_par' dir='ltr' id='par_1_4' title="bbox 355 1424 2794 1598">
     <span class='ocr_line' id='line_1_10' title="bbox 355 1424 2794 1509; baseline 0 -18"><span class='ocrx_word' id='word_1_73' title='bbox 355 1424 634 1491; x_wconf 89' lang='lat' dir='ltr'>taedium</span> <span class='ocrx_word' id='word_1_74' title='bbox 676 1426 742 1490; x_wconf 91' lang='lat' dir='ltr'>in</span> <span class='ocrx_word' id='word_1_75' title='bbox 789 1444 862 1490; x_wconf 90' lang='lat' dir='ltr'>eo</span> <span class='ocrx_word' id='word_1_76' title='bbox 904 1431 1122 1491; x_wconf 90' lang='lat' dir='ltr'>natum</span> <span class='ocrx_word' id='word_1_77' title='bbox 1178 1426 1256 1490; x_wconf 93' lang='lat' dir='ltr'>iri</span> <span class='ocrx_word' id='word_1_78' title='bbox 1322 1444 1526 1507; x_wconf 88' lang='lat' dir='ltr'>neque</span> <span class='ocrx_word' id='word_1_79' title='bbox 1592 1444 1862 1509; x_wconf 90' lang='lat' dir='ltr'>unquam</span> <span class='ocrx_word' id='word_1_80' title='bbox 1930 1444 2071 1490; x_wconf 91' lang='lat' dir='ltr'>eum</span> <span class='ocrx_word' id='word_1_81' title='bbox 2139 1425 2263 1489; x_wconf 92' lang='lat' dir='ltr'>vini</span> <span class='ocrx_word' id='word_1_82' title='bbox 2330 1425 2640 1492; x_wconf 89' lang='lat' dir='ltr'>desiderio</span> <span class='ocrx_word' id='word_1_83' title='bbox 2706 1428 2794 1492; x_wconf 89' lang='lat' dir='ltr'>iri</span> 
     </span>
     <span class='ocr_line' id='line_1_11' title="bbox 355 1537 674 1598; baseline -0.006 -2"><span class='ocrx_word' id='word_1_84' title='bbox 355 1537 674 1598; x_wconf 87' lang='lat' dir='ltr'>vexatum.</span> 
     </span>
    </p>
   </div>
   <div class='ocr_carea' id='block_1_5' title="bbox 262 1662 2794 2367">
    <p class='ocr_par' dir='ltr' id='par_1_5' title="bbox 262 1662 2794 2367">
     <span class='ocr_line' id='line_1_12' title="bbox 523 1662 2792 1745; baseline -0 -17"><span class='ocrx_word' id='word_1_85' title='bbox 523 1663 694 1729; x_wconf 90' lang='lat' dir='ltr'>Nihil</span> <span class='ocrx_word' id='word_1_86' title='bbox 738 1682 888 1745; x_wconf 90' lang='lat' dir='ltr'>ergo</span> <span class='ocrx_word' id='word_1_87' title='bbox 933 1682 1007 1729; x_wconf 89' lang='lat' dir='ltr'>eo</span> <span class='ocrx_word' id='word_1_88' title='bbox 1067 1664 1199 1729; x_wconf 90' lang='lat' dir='ltr'>loco</span> <span class='ocrx_word' id='word_1_89' title='bbox 1251 1663 1520 1745; x_wconf 89' lang='lat' dir='ltr'>legentis</span> <span class='ocrx_word' id='word_1_90' title='bbox 1582 1662 1856 1728; x_wconf 88' lang='lat' dir='ltr'>animum</span> <span class='ocrx_word' id='word_1_91' title='bbox 1921 1662 2078 1728; x_wconf 89' lang='lat' dir='ltr'>haec</span> <span class='ocrx_word' id='word_1_92' title='bbox 2142 1662 2482 1730; x_wconf 83' lang='lat' dir='ltr'>offendunt.</span> <span class='ocrx_word' id='word_1_93' title='bbox 2569 1663 2792 1742; x_wconf 86' lang='lat' dir='ltr'>Longe</span> 
     </span>
     <span class='ocr_line' id='line_1_13' title="bbox 352 1768 2794 1851; baseline -0 -16"><span class='ocrx_word' id='word_1_94' title='bbox 352 1777 564 1835; x_wconf 89' lang='lat' dir='ltr'>autem</span> <span class='ocrx_word' id='word_1_95' title='bbox 608 1769 795 1834; x_wconf 91' lang='lat' dir='ltr'>aliter</span> <span class='ocrx_word' id='word_1_96' title='bbox 833 1788 938 1835; x_wconf 91' lang='lat' dir='ltr'>res</span> <span class='ocrx_word' id='word_1_97' title='bbox 979 1787 1049 1834; x_wconf 91' lang='lat' dir='ltr'>se</span> <span class='ocrx_word' id='word_1_98' title='bbox 1092 1769 1283 1834; x_wconf 87' lang='lat' dir='ltr'>habet</span> <span class='ocrx_word' id='word_1_99' title='bbox 1324 1770 1388 1834; x_wconf 91' lang='lat' dir='ltr'>in</span> <span class='ocrx_word' id='word_1_100' title='bbox 1433 1768 1815 1851; x_wconf 85' lang='lat' dir='ltr'>Imaginibus</span> <span class='ocrx_word' id='word_1_101' title='bbox 1857 1768 2199 1850; x_wconf 75' lang='lat' dir='ltr'>primibus,</span> <span class='ocrx_word' id='word_1_102' title='bbox 2265 1768 2371 1834; x_wconf 91' lang='lat' dir='ltr'>ubi</span> <span class='ocrx_word' id='word_1_103' title='bbox 2426 1788 2564 1835; x_wconf 90' lang='lat' dir='ltr'>cum</span> <span class='ocrx_word' id='word_1_104' title='bbox 2622 1769 2794 1834; x_wconf 86' lang='lat' dir='ltr'>aliae</span> 
     </span>
     <span class='ocr_line' id='line_1_14' title="bbox 262 1860 2793 1955; baseline 0 -15"><span class='ocrx_word' id='word_1_105' title='bbox 262 1860 267 1865; x_wconf 41' lang='lat'><strong>⁴</strong></span> <span class='ocrx_word' id='word_1_106' title='bbox 353 1874 798 1941; x_wconf 88' lang='lat' dir='ltr'>describuntur</span> <span class='ocrx_word' id='word_1_107' title='bbox 837 1875 1099 1954; x_wconf 86' lang='lat' dir='ltr'>insulae,</span> <span class='ocrx_word' id='word_1_108' title='bbox 1172 1882 1308 1941; x_wconf 89' lang='lat' dir='ltr'>tum</span> <span class='ocrx_word' id='word_1_109' title='bbox 1352 1894 1476 1940; x_wconf 90' lang='lat' dir='ltr'>una</span> <span class='ocrx_word' id='word_1_110' title='bbox 1517 1874 1756 1939; x_wconf 90' lang='lat' dir='ltr'>hedera</span> <span class='ocrx_word' id='word_1_111' title='bbox 1795 1881 1862 1939; x_wconf 85' lang='lat' dir='ltr'>et</span> <span class='ocrx_word' id='word_1_112' title='bbox 1901 1881 2047 1940; x_wconf 82' lang='lat' dir='ltr'>taxo</span> <span class='ocrx_word' id='word_1_113' title='bbox 2092 1881 2158 1941; x_wconf 90' lang='lat' dir='ltr'>et</span> <span class='ocrx_word' id='word_1_114' title='bbox 2200 1876 2430 1941; x_wconf 88' lang='lat' dir='ltr'>vitibus</span> <span class='ocrx_word' id='word_1_115' title='bbox 2473 1881 2793 1955; x_wconf 82' lang='lat' dir='ltr'>contecta,</span> 
     </span>
     <span class='ocr_line' id='line_1_15' title="bbox 357 1981 2792 2064; baseline -0 -17"><span class='ocrx_word' id='word_1_116' title='bbox 357 2001 519 2064; x_wconf 91' lang='lat' dir='ltr'>quae</span> <span class='ocrx_word' id='word_1_117' title='bbox 563 1981 775 2046; x_wconf 92' lang='lat' dir='ltr'>Liberi</span> <span class='ocrx_word' id='word_1_118' title='bbox 817 2000 998 2046; x_wconf 89' lang='lat' dir='ltr'>sacra</span> <span class='ocrx_word' id='word_1_119' title='bbox 1037 1987 1319 2064; x_wconf 87' lang='lat' dir='ltr'>putatur.</span> <span class='ocrx_word' id='word_1_120' title='bbox 1406 1981 1633 2058; x_wconf 87' lang='lat' dir='ltr'>Variis,</span> <span class='ocrx_word' id='word_1_121' title='bbox 1680 1999 1841 2062; x_wconf 91' lang='lat' dir='ltr'>quae</span> <span class='ocrx_word' id='word_1_122' title='bbox 1891 1981 1977 2046; x_wconf 92' lang='lat' dir='ltr'>ibi</span> <span class='ocrx_word' id='word_1_123' title='bbox 2020 1988 2290 2060; x_wconf 83' lang='lat' dir='ltr'>exstant,</span> <span class='ocrx_word' id='word_1_124' title='bbox 2336 1983 2473 2047; x_wconf 90' lang='lat' dir='ltr'>uvis</span> <span class='ocrx_word' id='word_1_125' title='bbox 2517 2000 2792 2047; x_wconf 90' lang='lat' dir='ltr'>comme-</span> 
     </span>
     <span class='ocr_line' id='line_1_16' title="bbox 353 2088 2792 2172; baseline 0 -18"><span class='ocrx_word' id='word_1_126' title='bbox 353 2090 615 2155; x_wconf 89' lang='lat' dir='ltr'>moratis</span> <span class='ocrx_word' id='word_1_127' title='bbox 652 2090 782 2170; x_wconf 77' lang='lat' dir='ltr'>Jam</span> <span class='ocrx_word' id='word_1_128' title='bbox 827 2090 916 2154; x_wconf 90' lang='lat' dir='ltr'>sic</span> <span class='ocrx_word' id='word_1_129' title='bbox 960 2091 1273 2170; x_wconf 89' lang='lat' dir='ltr'>pergitur:</span> <span class='ocrx_word' id='word_1_130' title='bbox 1347 2088 1564 2172; x_wconf 85' lang='lat' dir='ltr'>„Adeo</span> <span class='ocrx_word' id='word_1_131' title='bbox 1611 2096 1820 2153; x_wconf 88' lang='lat' dir='ltr'>autem</span> <span class='ocrx_word' id='word_1_132' title='bbox 1864 2089 2097 2153; x_wconf 87' lang='lat' dir='ltr'>racemi</span> <span class='ocrx_word' id='word_1_133' title='bbox 2139 2089 2553 2169; x_wconf 85' lang='lat' dir='ltr'>luxuriantur,</span> <span class='ocrx_word' id='word_1_134' title='bbox 2602 2094 2674 2154; x_wconf 92' lang='lat' dir='ltr'>ut</span> <span class='ocrx_word' id='word_1_135' title='bbox 2718 2096 2792 2154; x_wconf 84' lang='lat' dir='ltr'>et</span> 
     </span>
     <span class='ocr_line' id='line_1_17' title="bbox 357 2193 2791 2276; baseline 0 -17"><span class='ocrx_word' id='word_1_136' title='bbox 357 2214 437 2259; x_wconf 82' lang='lat' dir='ltr'>ex</span> <span class='ocrx_word' id='word_1_137' title='bbox 481 2196 648 2259; x_wconf 87' lang='lat' dir='ltr'>saxis</span> <span class='ocrx_word' id='word_1_138' title='bbox 690 2193 1158 2276; x_wconf 87' lang='lat' dir='ltr'>suspendantur</span> <span class='ocrx_word' id='word_1_139' title='bbox 1203 2199 1270 2258; x_wconf 90' lang='lat' dir='ltr'>et</span> <span class='ocrx_word' id='word_1_140' title='bbox 1310 2194 1470 2258; x_wconf 89' lang='lat' dir='ltr'>mari</span> <span class='ocrx_word' id='word_1_141' title='bbox 1511 2194 1900 2272; x_wconf 88' lang='lat' dir='ltr'>immineant,</span> <span class='ocrx_word' id='word_1_142' title='bbox 1972 2193 2337 2276; x_wconf 85' lang='lat' dir='ltr'>fructusque</span> <span class='ocrx_word' id='word_1_143' title='bbox 2381 2194 2601 2275; x_wconf 90' lang='lat' dir='ltr'>legunt</span> <span class='ocrx_word' id='word_1_144' title='bbox 2642 2212 2791 2260; x_wconf 84' lang='lat' dir='ltr'>cum</span> 
     </span>
     <span class='ocr_line' id='line_1_18' title="bbox 352 2299 1864 2367; baseline -0.003 -1"><span class='ocrx_word' id='word_1_145' title='bbox 352 2301 636 2366; x_wconf 88' lang='lat' dir='ltr'>marinae</span> <span class='ocrx_word' id='word_1_146' title='bbox 681 2306 815 2367; x_wconf 88' lang='lat' dir='ltr'>tum</span> <span class='ocrx_word' id='word_1_147' title='bbox 858 2305 1201 2365; x_wconf 86' lang='lat' dir='ltr'>terrestres</span> <span class='ocrx_word' id='word_1_148' title='bbox 1246 2318 1395 2365; x_wconf 89' lang='lat' dir='ltr'>aves</span> <span class='ocrx_word' id='word_1_149' title='bbox 1438 2299 1864 2365; x_wconf 85' lang='lat' dir='ltr'>advolantes“.</span> 
     </span>
    </p>
   </div>
   <div class='ocr_carea' id='block_1_6' title="bbox 352 2430 2795 3558">
    <p class='ocr_par' dir='ltr' id='par_1_6' title="bbox 352 2430 2795 3558">
     <span class='ocr_line' id='line_1_19' title="bbox 520 2430 2789 2513; baseline -0.001 -16"><span class='ocrx_word' id='word_1_150' title='bbox 520 2434 634 2498; x_wconf 89' lang='lat' dir='ltr'>His</span> <span class='ocrx_word' id='word_1_151' title='bbox 679 2431 885 2497; x_wconf 90' lang='lat' dir='ltr'>verbis</span> <span class='ocrx_word' id='word_1_152' title='bbox 930 2439 1066 2497; x_wconf 88' lang='lat' dir='ltr'>tota</span> <span class='ocrx_word' id='word_1_153' title='bbox 1112 2451 1214 2496; x_wconf 89' lang='lat' dir='ltr'>res</span> <span class='ocrx_word' id='word_1_154' title='bbox 1250 2432 1381 2513; x_wconf 88' lang='lat' dir='ltr'>jam</span> <span class='ocrx_word' id='word_1_155' title='bbox 1426 2438 1525 2497; x_wconf 88' lang='lat' dir='ltr'>est</span> <span class='ocrx_word' id='word_1_156' title='bbox 1585 2435 1924 2507; x_wconf 84' lang='lat' dir='ltr'>transacta,</span> <span class='ocrx_word' id='word_1_157' title='bbox 1997 2430 2109 2495; x_wconf 90' lang='lat' dir='ltr'>sed</span> <span class='ocrx_word' id='word_1_158' title='bbox 2159 2437 2380 2497; x_wconf 89' lang='lat' dir='ltr'>auctor</span> <span class='ocrx_word' id='word_1_159' title='bbox 2433 2430 2789 2511; x_wconf 87' lang='lat' dir='ltr'>Imaginum</span> 
     </span>
     <span class='ocr_line' id='line_1_20' title="bbox 355 2536 2794 2623; baseline -0.001 -18"><span class='ocrx_word' id='word_1_160' title='bbox 355 2542 545 2623; x_wconf 89' lang='lat' dir='ltr'>prior.</span> <span class='ocrx_word' id='word_1_161' title='bbox 587 2540 743 2604; x_wconf 88' lang='lat' dir='ltr'>haec</span> <span class='ocrx_word' id='word_1_162' title='bbox 798 2539 1208 2619; x_wconf 85' lang='lat' dir='ltr'>descripsisse</span> <span class='ocrx_word' id='word_1_163' title='bbox 1264 2537 1534 2603; x_wconf 87' lang='lat' dir='ltr'>nondum</span> <span class='ocrx_word' id='word_1_164' title='bbox 1595 2539 1751 2604; x_wconf 86' lang='lat' dir='ltr'>satis</span> <span class='ocrx_word' id='word_1_165' title='bbox 1808 2537 2020 2616; x_wconf 88' lang='lat' dir='ltr'>habet,</span> <span class='ocrx_word' id='word_1_166' title='bbox 2092 2537 2204 2602; x_wconf 90' lang='lat' dir='ltr'>sed</span> <span class='ocrx_word' id='word_1_167' title='bbox 2259 2537 2428 2601; x_wconf 91' lang='lat' dir='ltr'>illam</span> <span class='ocrx_word' id='word_1_168' title='bbox 2485 2536 2602 2618; x_wconf 85' lang='lat' dir='ltr'>„de</span> <span class='ocrx_word' id='word_1_169' title='bbox 2653 2538 2794 2603; x_wconf 86' lang='lat' dir='ltr'>ovis</span> 
     </span>
     <span class='ocr_line' id='line_1_21' title="bbox 356 2642 2793 2726; baseline -0.002 -14"><span class='ocrx_word' id='word_1_170' title='bbox 356 2647 702 2712; x_wconf 86' lang='lat' dir='ltr'>noctuinis“</span> <span class='ocrx_word' id='word_1_171' title='bbox 770 2646 1200 2710; x_wconf 89' lang='lat' dir='ltr'>narrationem</span> <span class='ocrx_word' id='word_1_172' title='bbox 1245 2683 1325 2694; x_wconf 92' lang='lat'>—</span> <span class='ocrx_word' id='word_1_173' title='bbox 1369 2663 1511 2709; x_wconf 90' lang='lat' dir='ltr'>mea</span> <span class='ocrx_word' id='word_1_174' title='bbox 1575 2645 1824 2726; x_wconf 89' lang='lat' dir='ltr'>quidem</span> <span class='ocrx_word' id='word_1_175' title='bbox 1892 2645 2210 2711; x_wconf 88' lang='lat' dir='ltr'>sententia</span> <span class='ocrx_word' id='word_1_176' title='bbox 2271 2643 2437 2709; x_wconf 86' lang='lat' dir='ltr'>haud</span> <span class='ocrx_word' id='word_1_177' title='bbox 2500 2642 2686 2708; x_wconf 91' lang='lat' dir='ltr'>dubie</span> <span class='ocrx_word' id='word_1_178' title='bbox 2752 2663 2793 2708; x_wconf 90' lang='lat' dir='ltr'>e</span> 
     </span>
     <span class='ocr_line' id='line_1_22' title="bbox 354 2749 2795 2834; baseline -0.001 -17"><span class='ocrx_word' id='word_1_179' title='bbox 354 2754 487 2817; x_wconf 87' lang='lat' dir='ltr'>vita</span> <span class='ocrx_word' id='word_1_180' title='bbox 558 2751 867 2834; x_wconf 90' lang='lat' dir='ltr'>Apollonii</span> <span class='ocrx_word' id='word_1_181' title='bbox 921 2751 1185 2833; x_wconf 89' lang='lat' dir='ltr'>petitam</span> <span class='ocrx_word' id='word_1_182' title='bbox 1226 2787 1308 2798; x_wconf 95' lang='lat'>—</span> <span class='ocrx_word' id='word_1_183' title='bbox 1350 2751 1516 2815; x_wconf 91' lang='lat' dir='ltr'>omni</span> <span class='ocrx_word' id='word_1_184' title='bbox 1575 2749 1754 2816; x_wconf 91' lang='lat' dir='ltr'>modo</span> <span class='ocrx_word' id='word_1_185' title='bbox 1806 2750 1950 2815; x_wconf 88' lang='lat' dir='ltr'>huic</span> <span class='ocrx_word' id='word_1_186' title='bbox 2006 2750 2404 2831; x_wconf 83' lang='lat' dir='ltr'>explicationi</span> <span class='ocrx_word' id='word_1_187' title='bbox 2462 2750 2795 2815; x_wconf 88' lang='lat' dir='ltr'>innectere</span> 
     </span>
     <span class='ocr_line' id='line_1_23' title="bbox 356 2854 2789 2939; baseline -0.001 -17"><span class='ocrx_word' id='word_1_188' title='bbox 356 2864 548 2939; x_wconf 90' lang='lat' dir='ltr'>atque</span> <span class='ocrx_word' id='word_1_189' title='bbox 616 2857 909 2923; x_wconf 86' lang='lat' dir='ltr'>infercire</span> <span class='ocrx_word' id='word_1_190' title='bbox 974 2855 1191 2921; x_wconf 90' lang='lat' dir='ltr'>studet</span> <span class='ocrx_word' id='word_1_191' title='bbox 1252 2860 1689 2921; x_wconf 87' lang='lat' dir='ltr'>ostentaturus</span> <span class='ocrx_word' id='word_1_192' title='bbox 1751 2855 2090 2920; x_wconf 86' lang='lat' dir='ltr'>multarum</span> <span class='ocrx_word' id='word_1_193' title='bbox 2152 2874 2365 2920; x_wconf 90' lang='lat' dir='ltr'>rerum</span> <span class='ocrx_word' id='word_1_194' title='bbox 2437 2854 2789 2921; x_wconf 86' lang='lat' dir='ltr'>scientiam.</span> 
     </span>
     <span class='ocr_line' id='line_1_24' title="bbox 355 2960 2794 3043; baseline -0.001 -16"><span class='ocrx_word' id='word_1_195' title='bbox 355 2963 583 3043; x_wconf 88' lang='lat' dir='ltr'>Inepta</span> <span class='ocrx_word' id='word_1_196' title='bbox 646 2965 811 3027; x_wconf 90' lang='lat' dir='ltr'>enim</span> <span class='ocrx_word' id='word_1_197' title='bbox 866 2962 1228 3043; x_wconf 90' lang='lat' dir='ltr'>insulsaque</span> <span class='ocrx_word' id='word_1_198' title='bbox 1298 2980 1371 3026; x_wconf 89' lang='lat' dir='ltr'>eo</span> <span class='ocrx_word' id='word_1_199' title='bbox 1436 2961 1569 3026; x_wconf 91' lang='lat' dir='ltr'>loco</span> <span class='ocrx_word' id='word_1_200' title='bbox 1631 2960 1802 3040; x_wconf 89' lang='lat' dir='ltr'>mihi,</span> <span class='ocrx_word' id='word_1_201' title='bbox 1877 2980 2042 3042; x_wconf 90' lang='lat' dir='ltr'>quae</span> <span class='ocrx_word' id='word_1_202' title='bbox 2085 2962 2520 3043; x_wconf 88' lang='lat' dir='ltr'>insequuntur,</span> <span class='ocrx_word' id='word_1_203' title='bbox 2593 2961 2794 3025; x_wconf 87' lang='lat' dir='ltr'>verba</span> 
     </span>
     <span class='ocr_line' id='line_1_25' title="bbox 353 3066 2793 3150; baseline -0.002 -16"><span class='ocrx_word' id='word_1_204' title='bbox 353 3068 679 3135; x_wconf 84' lang='lat' dir='ltr'>videntur:</span> <span class='ocrx_word' id='word_1_205' title='bbox 728 3068 1169 3150; x_wconf 84' lang='lat' dir='ltr'>„Communem</span> <span class='ocrx_word' id='word_1_206' title='bbox 1214 3069 1378 3133; x_wconf 89' lang='lat' dir='ltr'>enim</span> <span class='ocrx_word' id='word_1_207' title='bbox 1423 3066 1709 3133; x_wconf 90' lang='lat' dir='ltr'>omnibus</span> <span class='ocrx_word' id='word_1_208' title='bbox 1754 3068 1946 3132; x_wconf 90' lang='lat' dir='ltr'>vitem</span> <span class='ocrx_word' id='word_1_209' title='bbox 1992 3066 2255 3148; x_wconf 85' lang='lat' dir='ltr'>praebet</span> <span class='ocrx_word' id='word_1_210' title='bbox 2298 3066 2486 3132; x_wconf 90' lang='lat' dir='ltr'>Liber</span> <span class='ocrx_word' id='word_1_211' title='bbox 2529 3073 2793 3147; x_wconf 88' lang='lat' dir='ltr'>praeter</span> 
     </span>
     <span class='ocr_line' id='line_1_26' title="bbox 353 3173 2793 3256; baseline -0.001 -16"><span class='ocrx_word' id='word_1_212' title='bbox 353 3183 664 3255; x_wconf 83' lang='lat' dir='ltr'>noctuam,</span> <span class='ocrx_word' id='word_1_213' title='bbox 708 3193 869 3256; x_wconf 90' lang='lat' dir='ltr'>quae</span> <span class='ocrx_word' id='word_1_214' title='bbox 916 3175 1047 3240; x_wconf 91' lang='lat' dir='ltr'>sola</span> <span class='ocrx_word' id='word_1_215' title='bbox 1090 3193 1127 3239; x_wconf 92' lang='lat' dir='ltr'>a</span> <span class='ocrx_word' id='word_1_216' title='bbox 1173 3174 1439 3239; x_wconf 88' lang='lat' dir='ltr'>racemis</span> <span class='ocrx_word' id='word_1_217' title='bbox 1482 3173 1776 3255; x_wconf 90' lang='lat' dir='ltr'>abigitur,</span> <span class='ocrx_word' id='word_1_218' title='bbox 1850 3174 2140 3255; x_wconf 88' lang='lat' dir='ltr'>quoniam</span> <span class='ocrx_word' id='word_1_219' title='bbox 2181 3173 2532 3239; x_wconf 87' lang='lat' dir='ltr'>hominibus</span> <span class='ocrx_word' id='word_1_220' title='bbox 2575 3173 2793 3238; x_wconf 89' lang='lat' dir='ltr'>vinum</span> 
     </span>
     <span class='ocr_line' id='line_1_27' title="bbox 352 3279 2793 3361; baseline -0.001 -16"><span class='ocrx_word' id='word_1_221' title='bbox 352 3282 416 3345; x_wconf 90' lang='lat' dir='ltr'>in</span> <span class='ocrx_word' id='word_1_222' title='bbox 461 3280 669 3346; x_wconf 90' lang='lat' dir='ltr'>odium</span> <span class='ocrx_word' id='word_1_223' title='bbox 713 3280 1000 3361; x_wconf 82' lang='lat' dir='ltr'>adducit3</span> <span class='ocrx_word' id='word_1_224' title='bbox 1071 3288 1339 3345; x_wconf 89' lang='lat' dir='ltr'>noctuae</span> <span class='ocrx_word' id='word_1_225' title='bbox 1383 3280 1547 3345; x_wconf 90' lang='lat' dir='ltr'>enim</span> <span class='ocrx_word' id='word_1_226' title='bbox 1594 3297 1712 3345; x_wconf 87' lang='lat' dir='ltr'>ova</span> <span class='ocrx_word' id='word_1_227' title='bbox 1783 3280 1837 3343; x_wconf 91' lang='lat' dir='ltr'>si</span> <span class='ocrx_word' id='word_1_228' title='bbox 1902 3279 2244 3346; x_wconf 90' lang='lat' dir='ltr'>comederit</span> <span class='ocrx_word' id='word_1_229' title='bbox 2286 3298 2445 3360; x_wconf 90' lang='lat' dir='ltr'>puer</span> <span class='ocrx_word' id='word_1_230' title='bbox 2487 3279 2793 3359; x_wconf 88' lang='lat' dir='ltr'>parvulus</span> 
     </span>
     <span class='ocr_line' id='line_1_28' title="bbox 356 3386 2791 3467; baseline 0 -17"><span class='ocrx_word' id='word_1_231' title='bbox 356 3386 559 3452; x_wconf 90' lang='lat' dir='ltr'>adhuc</span> <span class='ocrx_word' id='word_1_232' title='bbox 605 3393 672 3451; x_wconf 90' lang='lat' dir='ltr'>et</span> <span class='ocrx_word' id='word_1_233' title='bbox 714 3387 839 3450; x_wconf 91' lang='lat' dir='ltr'>vini</span> <span class='ocrx_word' id='word_1_234' title='bbox 887 3404 1137 3467; x_wconf 79' lang='lat' dir='ltr'>experS,</span> <span class='ocrx_word' id='word_1_235' title='bbox 1195 3386 1361 3450; x_wconf 93' lang='lat' dir='ltr'>omni</span> <span class='ocrx_word' id='word_1_236' title='bbox 1405 3392 1620 3450; x_wconf 89' lang='lat' dir='ltr'>aetate</span> <span class='ocrx_word' id='word_1_237' title='bbox 1667 3386 1874 3449; x_wconf 89' lang='lat' dir='ltr'>vinum</span> <span class='ocrx_word' id='word_1_238' title='bbox 1919 3386 2336 3465; x_wconf 90' lang='lat' dir='ltr'>aversabitur,</span> <span class='ocrx_word' id='word_1_239' title='bbox 2403 3403 2606 3467; x_wconf 91' lang='lat' dir='ltr'>neque</span> <span class='ocrx_word' id='word_1_240' title='bbox 2649 3386 2791 3465; x_wconf 92' lang='lat' dir='ltr'>ipse</span> 
     </span>
     <span class='ocr_line' id='line_1_29' title="bbox 353 3491 1447 3558; baseline 0 -1"><span class='ocrx_word' id='word_1_241' title='bbox 353 3491 586 3557; x_wconf 90' lang='lat' dir='ltr'>biberit</span> <span class='ocrx_word' id='word_1_242' title='bbox 629 3499 695 3558; x_wconf 90' lang='lat' dir='ltr'>et</span> <span class='ocrx_word' id='word_1_243' title='bbox 736 3493 1115 3557; x_wconf 85' lang='lat' dir='ltr'>temulentos</span> <span class='ocrx_word' id='word_1_244' title='bbox 1159 3491 1447 3557; x_wconf 84' lang='lat' dir='ltr'>metuit“.</span> 
     </span>
    </p>
   </div>
   <div class='ocr_carea' id='block_1_7' title="bbox 354 3619 2792 3810">
    <p class='ocr_par' dir='ltr' id='par_1_7' title="bbox 354 3619 2792 3810">
     <span class='ocr_line' id='line_1_30' title="bbox 521 3619 2792 3696; baseline 0.001 -11"><span class='ocrx_word' id='word_1_245' title='bbox 521 3621 645 3686; x_wconf 87' lang='lat' dir='ltr'>Sed</span> <span class='ocrx_word' id='word_1_246' title='bbox 710 3621 866 3686; x_wconf 90' lang='lat' dir='ltr'>haec</span> <span class='ocrx_word' id='word_1_247' title='bbox 919 3622 1258 3696; x_wconf 76' lang='lat' dir='ltr'>hactenus:</span> <span class='ocrx_word' id='word_1_248' title='bbox 1332 3622 1411 3687; x_wconf 90' lang='lat' dir='ltr'>de</span> <span class='ocrx_word' id='word_1_249' title='bbox 1475 3619 1763 3686; x_wconf 88' lang='lat' dir='ltr'>imitandi</span> <span class='ocrx_word' id='word_1_250' title='bbox 1829 3621 1995 3685; x_wconf 88' lang='lat' dir='ltr'>enim</span> <span class='ocrx_word' id='word_1_251' title='bbox 2062 3621 2271 3686; x_wconf 91' lang='lat' dir='ltr'>studio</span> <span class='ocrx_word' id='word_1_252' title='bbox 2337 3622 2494 3687; x_wconf 88' lang='lat' dir='ltr'>satis</span> <span class='ocrx_word' id='word_1_253' title='bbox 2554 3621 2792 3687; x_wconf 85' lang='lat' dir='ltr'>dixisse</span> 
     </span>
     <span class='ocr_line' id='line_1_31' title="bbox 354 3724 2639 3810; baseline 0 -20"><span class='ocrx_word' id='word_1_254' title='bbox 354 3724 593 3792; x_wconf 85' lang='lat' dir='ltr'>videor.</span> <span class='ocrx_word' id='word_1_255' title='bbox 684 3727 769 3791; x_wconf 94' lang='lat' dir='ltr'>Ut</span> <span class='ocrx_word' id='word_1_256' title='bbox 807 3729 939 3808; x_wconf 75' lang='lat' dir='ltr'>Jam</span> <span class='ocrx_word' id='word_1_257' title='bbox 988 3746 1220 3807; x_wconf 90' lang='lat' dir='ltr'>eorum,</span> <span class='ocrx_word' id='word_1_258' title='bbox 1266 3746 1429 3810; x_wconf 91' lang='lat' dir='ltr'>quae</span> <span class='ocrx_word' id='word_1_259' title='bbox 1472 3745 1665 3808; x_wconf 88' lang='lat' dir='ltr'>supra</span> <span class='ocrx_word' id='word_1_260' title='bbox 1709 3727 1991 3808; x_wconf 86' lang='lat' dir='ltr'>exposui,</span> <span class='ocrx_word' id='word_1_261' title='bbox 2036 3744 2344 3792; x_wconf 89' lang='lat' dir='ltr'>summam</span> <span class='ocrx_word' id='word_1_262' title='bbox 2386 3727 2639 3792; x_wconf 89' lang='lat' dir='ltr'>faciam:</span> 
     </span>
    </p>
   </div>
   <div class='ocr_carea' id='block_1_8' title="bbox 354 3854 2794 4576">
    <p class='ocr_par' dir='ltr' id='par_1_8' title="bbox 354 3854 2794 4576">
     <span class='ocr_line' id='line_1_32' title="bbox 524 3854 2791 3936; baseline 0.001 -18"><span class='ocrx_word' id='word_1_263' title='bbox 524 3856 862 3920; x_wconf 87' lang='lat' dir='ltr'>Auctorem</span> <span class='ocrx_word' id='word_1_264' title='bbox 930 3856 1098 3920; x_wconf 84' lang='lat' dir='ltr'>vitae</span> <span class='ocrx_word' id='word_1_265' title='bbox 1162 3856 1487 3935; x_wconf 87' lang='lat' dir='ltr'>Apollonii,</span> <span class='ocrx_word' id='word_1_266' title='bbox 1568 3856 1838 3920; x_wconf 87' lang='lat' dir='ltr'>vitarum</span> <span class='ocrx_word' id='word_1_267' title='bbox 1901 3854 2182 3935; x_wconf 90' lang='lat' dir='ltr'>sophist.,</span> <span class='ocrx_word' id='word_1_268' title='bbox 2256 3855 2661 3936; x_wconf 87' lang='lat' dir='ltr'>Gymnastici,</span> <span class='ocrx_word' id='word_1_269' title='bbox 2736 3857 2791 3921; x_wconf 90' lang='lat' dir='ltr'>si</span> 
     </span>
     <span class='ocr_line' id='line_1_33' title="bbox 361 3962 2794 4045; baseline -0 -19"><span class='ocrx_word' id='word_1_270' title='bbox 361 3962 526 4027; x_wconf 89' lang='lat' dir='ltr'>idem</span> <span class='ocrx_word' id='word_1_271' title='bbox 572 3963 906 4029; x_wconf 88' lang='lat' dir='ltr'>Heroicum</span> <span class='ocrx_word' id='word_1_272' title='bbox 953 3970 1019 4028; x_wconf 88' lang='lat' dir='ltr'>et</span> <span class='ocrx_word' id='word_1_273' title='bbox 1059 3964 1375 4044; x_wconf 86' lang='lat' dir='ltr'>Imagines</span> <span class='ocrx_word' id='word_1_274' title='bbox 1418 3963 1660 4044; x_wconf 69' lang='lat' dir='ltr'>prieres</span> <span class='ocrx_word' id='word_1_275' title='bbox 1716 3962 2104 4042; x_wconf 82' lang='lat' dir='ltr'>scripsisset,</span> <span class='ocrx_word' id='word_1_276' title='bbox 2174 3962 2330 4028; x_wconf 89' lang='lat' dir='ltr'>haec</span> <span class='ocrx_word' id='word_1_277' title='bbox 2388 3969 2580 4045; x_wconf 85' lang='lat' dir='ltr'>atque</span> <span class='ocrx_word' id='word_1_278' title='bbox 2635 3962 2794 4027; x_wconf 86' lang='lat' dir='ltr'>talia</span> 
     </span>
     <span class='ocr_line' id='line_1_34' title="bbox 357 4067 2790 4150; baseline 0 -17"><span class='ocrx_word' id='word_1_279' title='bbox 357 4088 433 4133; x_wconf 85' lang='lat' dir='ltr'>ex</span> <span class='ocrx_word' id='word_1_280' title='bbox 485 4068 625 4133; x_wconf 92' lang='lat' dir='ltr'>aliis</span> <span class='ocrx_word' id='word_1_281' title='bbox 690 4069 819 4134; x_wconf 85' lang='lat' dir='ltr'>suis</span> <span class='ocrx_word' id='word_1_282' title='bbox 893 4070 1143 4150; x_wconf 87' lang='lat' dir='ltr'>scriptis</span> <span class='ocrx_word' id='word_1_283' title='bbox 1206 4088 1326 4135; x_wconf 92' lang='lat' dir='ltr'>non</span> <span class='ocrx_word' id='word_1_284' title='bbox 1393 4070 1587 4134; x_wconf 88' lang='lat' dir='ltr'>fuisse</span> <span class='ocrx_word' id='word_1_285' title='bbox 1652 4070 2053 4148; x_wconf 87' lang='lat' dir='ltr'>iteraturum,</span> <span class='ocrx_word' id='word_1_286' title='bbox 2128 4068 2415 4149; x_wconf 90' lang='lat' dir='ltr'>equidem</span> <span class='ocrx_word' id='word_1_287' title='bbox 2482 4067 2790 4133; x_wconf 78' lang='lat' dir='ltr'>existimo,</span> 
     </span>
     <span class='ocr_line' id='line_1_35' title="bbox 355 4172 2791 4255; baseline -0.001 -15"><span class='ocrx_word' id='word_1_288' title='bbox 355 4173 541 4240; x_wconf 88' lang='lat' dir='ltr'>Haud</span> <span class='ocrx_word' id='word_1_289' title='bbox 583 4176 673 4240; x_wconf 88' lang='lat' dir='ltr'>ita</span> <span class='ocrx_word' id='word_1_290' title='bbox 717 4176 913 4240; x_wconf 90' lang='lat' dir='ltr'>multa</span> <span class='ocrx_word' id='word_1_291' title='bbox 958 4175 1121 4241; x_wconf 88' lang='lat' dir='ltr'>enim</span> <span class='ocrx_word' id='word_1_292' title='bbox 1177 4177 1240 4240; x_wconf 92' lang='lat' dir='ltr'>in</span> <span class='ocrx_word' id='word_1_293' title='bbox 1307 4176 1452 4239; x_wconf 88' lang='lat' dir='ltr'>vitis</span> <span class='ocrx_word' id='word_1_294' title='bbox 1512 4174 1776 4255; x_wconf 90' lang='lat' dir='ltr'>sophist.</span> <span class='ocrx_word' id='word_1_295' title='bbox 1843 4192 1876 4238; x_wconf 94' lang='lat' dir='ltr'>e</span> <span class='ocrx_word' id='word_1_296' title='bbox 1944 4174 2074 4238; x_wconf 87' lang='lat' dir='ltr'>vita</span> <span class='ocrx_word' id='word_1_297' title='bbox 2120 4172 2324 4253; x_wconf 89' lang='lat' dir='ltr'>Apoll.</span> <span class='ocrx_word' id='word_1_298' title='bbox 2387 4179 2791 4254; x_wconf 87' lang='lat' dir='ltr'>repetuntur,</span> 
     </span>
     <span class='ocr_line' id='line_1_36' title="bbox 354 4278 2788 4362; baseline -0 -18"><span class='ocrx_word' id='word_1_299' title='bbox 354 4281 631 4362; x_wconf 90' lang='lat' dir='ltr'>repetita</span> <span class='ocrx_word' id='word_1_300' title='bbox 674 4287 886 4346; x_wconf 87' lang='lat' dir='ltr'>autem</span> <span class='ocrx_word' id='word_1_301' title='bbox 930 4281 1009 4345; x_wconf 91' lang='lat' dir='ltr'>ad</span> <span class='ocrx_word' id='word_1_302' title='bbox 1053 4300 1305 4347; x_wconf 89' lang='lat' dir='ltr'>sensum</span> <span class='ocrx_word' id='word_1_303' title='bbox 1350 4282 1548 4346; x_wconf 88' lang='lat' dir='ltr'>totius</span> <span class='ocrx_word' id='word_1_304' title='bbox 1591 4280 1711 4345; x_wconf 90' lang='lat' dir='ltr'>loci</span> <span class='ocrx_word' id='word_1_305' title='bbox 1749 4279 1984 4360; x_wconf 86' lang='lat' dir='ltr'>optime</span> <span class='ocrx_word' id='word_1_306' title='bbox 2027 4278 2343 4360; x_wconf 89' lang='lat' dir='ltr'>quadrant</span> <span class='ocrx_word' id='word_1_307' title='bbox 2387 4285 2471 4358; x_wconf 90' lang='lat' dir='ltr'>et,</span> <span class='ocrx_word' id='word_1_308' title='bbox 2545 4286 2618 4345; x_wconf 88' lang='lat' dir='ltr'>ut</span> <span class='ocrx_word' id='word_1_309' title='bbox 2651 4280 2788 4362; x_wconf 75' lang='lat' dir='ltr'>Jam</span> 
     </span>
     <span class='ocr_line' id='line_1_37' title="bbox 355 4384 2790 4468; baseline 0 -18"><span class='ocrx_word' id='word_1_310' title='bbox 355 4404 549 4466; x_wconf 87' lang='lat' dir='ltr'>supra</span> <span class='ocrx_word' id='word_1_311' title='bbox 591 4384 736 4466; x_wconf 86' lang='lat' dir='ltr'>dixi,</span> <span class='ocrx_word' id='word_1_312' title='bbox 781 4405 853 4451; x_wconf 89' lang='lat' dir='ltr'>re</span> <span class='ocrx_word' id='word_1_313' title='bbox 898 4388 1036 4468; x_wconf 90' lang='lat' dir='ltr'>ipsa</span> <span class='ocrx_word' id='word_1_314' title='bbox 1092 4387 1270 4468; x_wconf 91' lang='lat' dir='ltr'>quasi</span> <span class='ocrx_word' id='word_1_315' title='bbox 1324 4387 1495 4468; x_wconf 90' lang='lat' dir='ltr'>posci</span> <span class='ocrx_word' id='word_1_316' title='bbox 1549 4386 1859 4450; x_wconf 88' lang='lat' dir='ltr'>videntur.</span> <span class='ocrx_word' id='word_1_317' title='bbox 1948 4385 2034 4449; x_wconf 89' lang='lat' dir='ltr'>At</span> <span class='ocrx_word' id='word_1_318' title='bbox 2087 4385 2357 4466; x_wconf 83' lang='lat' dir='ltr'>scriptor</span> <span class='ocrx_word' id='word_1_319' title='bbox 2415 4384 2669 4450; x_wconf 90' lang='lat' dir='ltr'>Heroici</span> <span class='ocrx_word' id='word_1_320' title='bbox 2720 4392 2790 4450; x_wconf 83' lang='lat' dir='ltr'>et</span> 
     </span>
     <span class='ocr_line' id='line_1_38' title="bbox 356 4488 2790 4576; baseline -0.001 -20"><span class='ocrx_word' id='word_1_321' title='bbox 356 4490 704 4572; x_wconf 88' lang='lat' dir='ltr'>Imaginum</span> <span class='ocrx_word' id='word_1_322' title='bbox 746 4492 1023 4576; x_wconf 91' lang='lat' dir='ltr'>priorum</span> <span class='ocrx_word' id='word_1_323' title='bbox 1067 4493 1266 4557; x_wconf 87' lang='lat' dir='ltr'>multa</span> <span class='ocrx_word' id='word_1_324' title='bbox 1309 4510 1448 4557; x_wconf 91' lang='lat' dir='ltr'>cum</span> <span class='ocrx_word' id='word_1_325' title='bbox 1493 4490 1766 4569; x_wconf 91' lang='lat' dir='ltr'>aliunde,</span> <span class='ocrx_word' id='word_1_326' title='bbox 1810 4495 1944 4555; x_wconf 89' lang='lat' dir='ltr'>tum</span> <span class='ocrx_word' id='word_1_327' title='bbox 1990 4490 2113 4572; x_wconf 88' lang='lat' dir='ltr'>(ea,</span> <span class='ocrx_word' id='word_1_328' title='bbox 2158 4507 2319 4571; x_wconf 91' lang='lat' dir='ltr'>quae</span> <span class='ocrx_word' id='word_1_329' title='bbox 2347 4507 2540 4572; x_wconf 91' lang='lat' dir='ltr'>supra</span> <span class='ocrx_word' id='word_1_330' title='bbox 2573 4488 2790 4571; x_wconf 88' lang='lat' dir='ltr'>attuli)</span> 
     </span>
    </p>
   </div>
  </div>
 </body>
</html>
