3109 5142
1318 271 1820 386 .-26-

656 496 844 567 Vita
887 500 1294 582 Apollonii
1573 507 1640 567 et
1847 503 2253 598 Imagines
2293 503 2644 586 priores:

492 607 875 692 177(29)γῆ
918 602 1573 694 κρᾶσινᾶσφάλ-
1760 611 1883 674 365
1964 612 2099 695 (10)
2183 603 2621 697 ἀσφάλτου
2705 615 2857 675 καὶ

409 736 558 778 του
641 719 782 778 καὶ
876 719 1129 781 θείου
1222 739 1573 801 παρεχο-
1675 719 1927 781 θείου
1984 720 2517 803 παρεχομένη
2584 718 2853 802 (νῆσος)

409 822 600 904 μένη
1671 822 1973 909 κρᾶσιν

499 1002 619 1067 193
647 1000 786 1082 (12)
826 994 1204 1087 ἀφορμάς
1247 1001 1571 1086 παραδῶ-ν
1757 1005 1879 1068 295
1924 1002 2060 1086 (13)
2133 999 2517 1090 α’φορμαὶ
2573 1004 2651 1073 δὲ
2714 1010 2855 1068 τῶν

412 1127 556 1183 σεις
596 1104 877 1187 λόγων,
918 1108 1039 1170 227
1082 1107 1219 1188 (18)
1673 1105 1930 1190 λόγων

494 1291 618 1355 194
659 1287 754 1371 (9)
827 1283 1182 1370 ὑπέχειν
1243 1286 1386 1373 τὴν
1448 1311 1571 1352 κε·
1758 1285 2845 1374 385(15)τῆνκεφαλὴνῦπο-

412 1392 1073 1487 φαλήντῷ...,
1677 1402 2306 1486 σχεῖντῷ....

495 1575 777 1659 2ΟΟ(24)
820 1574 903 1640 τό
948 1577 1331 1663 περὶτοῦ
1375 1573 1571 1652 ξύλου
1755 1575 1878 1641 308
1924 1577 2059 1662 (22)
2124 1578 2211 1640 τὸ
2253 1581 2449 1664 περὶ
2486 1581 2646 1643 τῶν
2687 1600 2846 1663 φοι-

413 1681 868 1767 λεγόμενον
1676 1687 1873 1751 νίκων
1917 1680 2382 1767 λεγόμενον

496 1866 623 1929 224
660 1865 754 1950 (1)
810 1862 1201 1950 αἴρονται
1245 1858 1415 1928 ἀπὸ
1459 1871 1575 1950 γῆς
1758 1865 1881 1929 348
1911 1866 2047 1943 (12)
2090 1865 2483 1952 αἴρονται
2527 1859 2696 1929 aad
2735 1864 2849 1949 τῆς

1679 1995 1819 2059 ἵης

498 2156 622 2220 233
665 2154 800 2238 (15)
868 2147 1095 2219 οὖδενὶ
1147 2152 1349 2241 πρὸς
1399 2150 1574 2237 τρό-
1760 2154 1882 2218 308
1926 2152 2022 2237 (4)
2094 2148 2186 2230 ὥς
2252 2152 2458 2241 πρὸς
2530 2151 2845 2235 τρόπου

417 2285 603 2343 που,
646 2263 763 2330 301
810 2259 949 2344 (17)
1678 2265 1820 2337 τοῖς
1863 2307 1880 2323 .
1928 2307 1943 2324 .
1992 2306 2007 2323 .
2052 2261 2178 2325 354
2218 2258 2313 2342 (2)
2816 2261 2826 2270 ’

496 2464 621 2527 236
659 2461 753 2545 (9)
801 2456 1051 2544 ὄχλον
1094 2464 1499 2546 παρέχειν
1755 2462 1881 2525 295
1924 2460 2061 2543 (18)
2121 2465 2522 2544 παρεῖχεν
2566 2455 2800 2542 ὄχλον

497 2665 621 2727 245
681 2660 819 2744 (17)
904 2667 1347 2744 συγχωρεῖς
1430 2666 1575 2748 γάρ
1758 2663 1881 2728 363
1926 2661 2061 2745 (29)
2147 2669 2607 2750 συγχωρεῖς
2689 2659 2840 2746 γάρ

417 2791 576 2834 που
1681 2791 1846 2832 που

434 2928 438 2931 ¹
501 2971 626 3035 256
685 2969 822 3051 (30)
918 2965 1240 3054 ἐπεὶ,μὴ
1325 2965 1589 3053 ὁμόσε
1759 2972 1894 3034 359
1936 2968 2030 3051 (4)
2118 2964 2370 3053 ὁμόσε
2439 2966 2846 3052 κεχώρηκε

413 3082 694 3162 χωρῶν
1683 3081 1824 3152 τοῖς
1867 3124 1884 3140 .
1931 3123 1947 3140 .
1994 3124 2011 3140 .

502 3274 628 3338 270
670 3274 826 3354 (23),
893 3274 1016 3337 332
1059 3272 1152 3356 (3)
1196 3274 1334 3354 (20)
1391 3267 1581 3356 ἆνή-
1766 3276 1882 3338 311
1931 3275 2021 3352 (6)
2063 3267 2421 3359 α’νήκοον
2463 3271 2654 3338 ἔσται
2698 3280 2841 3338 τοῦ

419 3403 601 3454 κοος
643 3386 780 3444 τοῦ
821 3377 1061 3460 λόγου
1108 3427 1121 3443 .
1170 3428 1183 3442 .
1232 3426 1248 3443 .
1682 3377 1947 3461 λόγου.

507 3580 630 3644 292
654 3578 792 3662 (23)
837 3576 928 3642 τοὶ
975 3584 1116 3643 τοῦ
1141 3626 1317 3644 .....
1350 3575 1590 3664 πράτ-
1772 3581 1896 3644 323
1920 3580 2016 3663 (2)
2064 3578 2159 3643 τοὶ
2206 3585 2352 3644 τοῦ
2383 3625 2569 3643 .....
2603 3574 2839 3664 πράτ-

423 3708 600 3751 τειν
1688 3709 1867 3752 τειν

506 3889 631 3954 295
679 3886 816 3970 (28)
902 3885 990 3951 τὸ
1031 3885 1333 3980 ,στόμα
1415 3883 1588 3953 οὕτω
1781 3891 1901 3953 347
1928 3887 2064 3969 (22)
2096 3884 2356 3971 στόμα
2400 3884 2842 3970 ξύμμετρον

428 3991 893 4090 ξύμμετρον
1690 3993 1768 4060 cf.
1813 3996 1935 4063 354
1978 3994 2116 4076 (16)

509 4198 629 4258 *235
677 4198 811 4276 [27)
882 4192 1078 4280 κόμη
1136 4190 1452 4280 ἣλιῶσά
1519 4220 1593 4261 τε
1772 4198 1897 4260 295
1926 4195 2021 4277 (1)
2063 4192 2319 4277 κόμην
2360 4191 2506 4257 οἶδε
2551 4240 2565 4256 .
2615 4240 2630 4255 .
2678 4241 2691 4255 .
2735 4195 2835 4256 καὶ

429 4310 537 4366 καί
589 4354 598 4366 .
653 4350 665 4366 ᾧ
717 4354 725 4366 .
1694 4295 2115 4385 ἢλιῶσαν,
2180 4300 2305 4364 350
2346 4299 2480 4381 (31)
2548 4306 2717 4387 κομᾷ
2775 4293 2840 4362 ἕν

461 4438 473 4450 ⁴
1697 4403 2001 4500 ἣλιώσῃ
2044 4405 2241 4500 κόμῃ
