<?xml version="1.0" encoding="UTF-8"?>
<!DOCTYPE html PUBLIC "-//W3C//DTD XHTML 1.0 Transitional//EN"
    "http://www.w3.org/TR/xhtml1/DTD/xhtml1-transitional.dtd">
<html xmlns="http://www.w3.org/1999/xhtml" xml:lang="en" lang="en">
 <head>
  <title>
</title>
<meta http-equiv="Content-Type" content="text/html;charset=utf-8" />
  <meta name='ocr-system' content='tesseract 3.04.00' />
  <meta name='ocr-capabilities' content='ocr_page ocr_carea ocr_par ocr_line ocrx_word'/>
</head>
<body>
  <div class='ocr_page' id='page_1' title='image "./dephilostratiss00fertgoog_0027.png"; bbox 0 0 3109 5142; ppageno 0'>
   <div class='ocr_carea' id='block_1_1' title="bbox 1265 386 1687 449">
    <p class='ocr_par' dir='ltr' id='par_1_1' title="bbox 1265 386 1687 449">
     <span class='ocr_line' id='line_1_1' title="bbox 1265 386 1687 449; baseline -0.002 -16"><span class='ocrx_word' id='word_1_1' title='bbox 1265 386 1687 449; x_wconf 64' lang='lat'>...25-</span> 
     </span>
    </p>
   </div>
   <div class='ocr_carea' id='block_1_2' title="bbox 267 559 1439 858">
    <p class='ocr_par' dir='ltr' id='par_1_2' title="bbox 267 559 1439 858">
     <span class='ocr_line' id='line_1_2' title="bbox 549 559 1181 642; baseline -0.005 -16"><span class='ocrx_word' id='word_1_2' title='bbox 549 561 737 626; x_wconf 73' lang='lat' dir='ltr'>Vita</span> <span class='ocrx_word' id='word_1_3' title='bbox 778 559 1181 642; x_wconf 86' lang='lat' dir='ltr'>Apollonii</span> 
     </span>
     <span class='ocr_line' id='line_1_3' title="bbox 354 659 1439 751; baseline -0.004 -17"><span class='ocrx_word' id='word_1_4' title='bbox 354 670 479 734; x_wconf 85' lang='grc'>293</span> <span class='ocrx_word' id='word_1_5' title='bbox 536 669 674 751; x_wconf 85' lang='grc'>(29)</span> <span class='ocrx_word' id='word_1_6' title='bbox 761 672 1186 751; x_wconf 80' lang='grc' dir='ltr'><strong><em>σημαίνων</em></strong></span> <span class='ocrx_word' id='word_1_7' title='bbox 1269 659 1439 731; x_wconf 82' lang='grc' dir='ltr'><strong><em>άπὸ</em></strong></span> 
     </span>
     <span class='ocr_line' id='line_1_4' title="bbox 267 774 629 858; baseline -0.003 -18"><span class='ocrx_word' id='word_1_8' title='bbox 267 774 629 858; x_wconf 78' lang='grc' dir='ltr'><strong><em>γλώττης</em></strong></span> 
     </span>
    </p>
   </div>
   <div class='ocr_carea' id='block_1_3' title="bbox 268 951 1442 1147">
    <p class='ocr_par' dir='ltr' id='par_1_3' title="bbox 268 951 1442 1147">
     <span class='ocr_line' id='line_1_5' title="bbox 357 951 1442 1038; baseline -0.002 -19"><span class='ocrx_word' id='word_1_9' title='bbox 357 956 479 1022; x_wconf 90' lang='grc'>306</span> <span class='ocrx_word' id='word_1_10' title='bbox 521 956 653 1034; x_wconf 87' lang='grc'>(30)</span> <span class='ocrx_word' id='word_1_11' title='bbox 694 960 695 963; x_wconf 73' lang='grc'>’</span> <span class='ocrx_word' id='word_1_12' title='bbox 740 951 1301 1038; x_wconf 81' lang='grc' dir='ltr'><strong><em>διεβεβλήμην</em></strong></span> <span class='ocrx_word' id='word_1_13' title='bbox 1364 952 1442 1018; x_wconf 80' lang='grc' dir='ltr'><strong><em>δὲ</em></strong></span> 
     </span>
     <span class='ocr_line' id='line_1_6' title="bbox 268 1059 902 1147; baseline -0.003 -1"><span class='ocrx_word' id='word_1_14' title='bbox 268 1059 488 1146; x_wconf 78' lang='grc' dir='ltr'><strong><em>πρὸς</em></strong></span> <span class='ocrx_word' id='word_1_15' title='bbox 527 1061 902 1147; x_wconf 75' lang='grc' dir='ltr'><strong><em>χρήματα</em></strong></span> 
     </span>
    </p>
   </div>
   <div class='ocr_carea' id='block_1_4' title="bbox 1460 564 1527 625">
    <p class='ocr_par' dir='ltr' id='par_1_4' title="bbox 1460 564 1527 625">
     <span class='ocr_line' id='line_1_7' title="bbox 1460 564 1527 625; baseline 0.015 -1"><span class='ocrx_word' id='word_1_16' title='bbox 1460 564 1527 625; x_wconf 83' lang='lat' dir='ltr'><strong><em>et</em></strong></span> 
     </span>
    </p>
   </div>
   <div class='ocr_carea' id='block_1_5' title="bbox 1632 555 2705 748">
    <p class='ocr_par' dir='ltr' id='par_1_5' title="bbox 1632 555 2705 748">
     <span class='ocr_line' id='line_1_8' title="bbox 1905 555 2331 624; baseline 0.005 -2"><span class='ocrx_word' id='word_1_17' title='bbox 1905 555 2331 624; x_wconf 75' lang='lat' dir='ltr'><strong>Hernicus:</strong></span> 
     </span>
     <span class='ocr_line' id='line_1_9' title="bbox 1632 659 2705 748; baseline -0.001 -20"><span class='ocrx_word' id='word_1_18' title='bbox 1632 669 1746 730; x_wconf 83' lang='lat'><strong><em>157</em></strong></span> <span class='ocrx_word' id='word_1_19' title='bbox 1793 665 1890 747; x_wconf 88' lang='lat'><strong><em>(9)</em></strong></span> <span class='ocrx_word' id='word_1_20' title='bbox 1942 659 2112 730; x_wconf 79' lang='grc' dir='ltr'><strong><em>άπὸ</em></strong></span> <span class='ocrx_word' id='word_1_21' title='bbox 2157 662 2521 748; x_wconf 79' lang='grc' dir='ltr'><strong><em>γλώττης</em></strong></span> <span class='ocrx_word' id='word_1_22' title='bbox 2563 711 2580 727; x_wconf 91' lang='grc'><strong>.</strong></span> <span class='ocrx_word' id='word_1_23' title='bbox 2626 711 2643 727; x_wconf 90' lang='grc'><strong>.</strong></span> <span class='ocrx_word' id='word_1_24' title='bbox 2688 709 2705 728; x_wconf 93' lang='grc'><strong>.</strong></span> 
     </span>
    </p>
   </div>
   <div class='ocr_carea' id='block_1_6' title="bbox 1537 775 2175 855">
    <p class='ocr_par' dir='ltr' id='par_1_6' title="bbox 1537 775 2175 855">
     <span class='ocr_line' id='line_1_10' title="bbox 1537 775 2175 855; baseline -0.003 -18"><span class='ocrx_word' id='word_1_25' title='bbox 1537 824 1551 837; x_wconf 92' lang='grc'><strong>.</strong></span> <span class='ocrx_word' id='word_1_26' title='bbox 1599 822 1613 836; x_wconf 94' lang='grc'><strong>.</strong></span> <span class='ocrx_word' id='word_1_27' title='bbox 1664 819 1680 835; x_wconf 89' lang='grc'><strong>.</strong></span> <span class='ocrx_word' id='word_1_28' title='bbox 1726 775 2175 855; x_wconf 80' lang='grc' dir='ltr'><em>σημαίνειν</em></span> 
     </span>
    </p>
   </div>
   <div class='ocr_carea' id='block_1_7' title="bbox 1537 951 2706 1144">
    <p class='ocr_par' dir='ltr' id='par_1_7' title="bbox 1537 951 2706 1144">
     <span class='ocr_line' id='line_1_11' title="bbox 1623 951 2706 1039; baseline 0.002 -23"><span class='ocrx_word' id='word_1_29' title='bbox 1623 955 1748 1019; x_wconf 88' lang='grc'><strong><em>200</em></strong></span> <span class='ocrx_word' id='word_1_30' title='bbox 1789 954 1925 1034; x_wconf 89' lang='grc'>(27)</span> <span class='ocrx_word' id='word_1_31' title='bbox 2014 951 2495 1038; x_wconf 81' lang='grc' dir='ltr'><em>διεβέβλητο</em></span> <span class='ocrx_word' id='word_1_32' title='bbox 2578 951 2706 1039; x_wconf 86' lang='grc' dir='ltr'><strong><em>γάρ</em></strong></span> 
     </span>
     <span class='ocr_line' id='line_1_12' title="bbox 1537 1056 2159 1144; baseline 0.005 -3"><span class='ocrx_word' id='word_1_33' title='bbox 1537 1056 1745 1141; x_wconf 79' lang='grc' dir='ltr'><strong><em>πρὸς</em></strong></span> <span class='ocrx_word' id='word_1_34' title='bbox 1784 1056 2159 1144; x_wconf 72' lang='grc' dir='ltr'><strong><em>χρήματα</em></strong></span> 
     </span>
    </p>
   </div>
   <div class='ocr_carea' id='block_1_8' title="bbox 441 1241 2170 1321">
    <p class='ocr_par' dir='ltr' id='par_1_8' title="bbox 441 1241 2170 1321">
     <span class='ocr_line' id='line_1_13' title="bbox 441 1241 2170 1321; baseline -0.001 -14"><span class='ocrx_word' id='word_1_35' title='bbox 441 1241 564 1307; x_wconf 81' lang='lat' dir='ltr'><strong><em>Sed</em></strong></span> <span class='ocrx_word' id='word_1_36' title='bbox 607 1243 764 1308; x_wconf 82' lang='lat' dir='ltr'>haec</span> <span class='ocrx_word' id='word_1_37' title='bbox 807 1242 1142 1321; x_wconf 77' lang='lat' dir='ltr'>hactenu83</span> <span class='ocrx_word' id='word_1_38' title='bbox 1182 1246 1654 1321; x_wconf 61' lang='lat' dir='ltr'><strong>,comparentur</strong></span> <span class='ocrx_word' id='word_1_39' title='bbox 1698 1258 1847 1306; x_wconf 84' lang='lat' dir='ltr'>vero</span> <span class='ocrx_word' id='word_1_40' title='bbox 1888 1241 2057 1305; x_wconf 81' lang='lat' dir='ltr'><strong>inter</strong></span> <span class='ocrx_word' id='word_1_41' title='bbox 2099 1259 2170 1306; x_wconf 80' lang='lat' dir='ltr'><strong><em>se</em></strong></span> 
     </span>
    </p>
   </div>
   <div class='ocr_carea' id='block_1_9' title="bbox 523 1363 1497 1447">
    <p class='ocr_par' dir='ltr' id='par_1_9' title="bbox 523 1363 1497 1447">
     <span class='ocr_line' id='line_1_14' title="bbox 523 1363 1497 1447; baseline -0.003 -17"><span class='ocrx_word' id='word_1_42' title='bbox 523 1365 706 1431; x_wconf 84' lang='lat' dir='ltr'><strong>Vita</strong></span> <span class='ocrx_word' id='word_1_43' title='bbox 747 1363 1153 1447; x_wconf 81' lang='lat' dir='ltr'>Apollonii</span> <span class='ocrx_word' id='word_1_44' title='bbox 1431 1369 1497 1428; x_wconf 83' lang='lat' dir='ltr'><strong><em>et</em></strong></span> 
     </span>
    </p>
   </div>
   <div class='ocr_carea' id='block_1_10' title="bbox 269 1484 1439 1684">
    <p class='ocr_par' dir='ltr' id='par_1_10' title="bbox 269 1484 1439 1684">
     <span class='ocr_line' id='line_1_15' title="bbox 364 1484 1439 1579; baseline -0.003 -23"><span class='ocrx_word' id='word_1_45' title='bbox 364 1495 441 1556; x_wconf 84' lang='lat'><strong><em>15</em></strong></span> <span class='ocrx_word' id='word_1_46' title='bbox 484 1491 620 1576; x_wconf 84' lang='lat'>(23)</span> <span class='ocrx_word' id='word_1_47' title='bbox 650 1571 658 1579; x_wconf 88' lang='lat'>.</span> <span class='ocrx_word' id='word_1_48' title='bbox 692 1489 859 1554; x_wconf 88' lang='grc' dir='ltr'><strong><em>κατ’</em></strong></span> <span class='ocrx_word' id='word_1_49' title='bbox 927 1486 1176 1566; x_wconf 78' lang='grc' dir='ltr'><strong><em>ἄλλος</em></strong></span> <span class='ocrx_word' id='word_1_50' title='bbox 1240 1484 1439 1554; x_wconf 80' lang='grc' dir='ltr'><strong><em>ἄλλο</em></strong></span> 
     </span>
     <span class='ocr_line' id='line_1_16' title="bbox 269 1593 647 1684; baseline -0.005 -22"><span class='ocrx_word' id='word_1_51' title='bbox 269 1606 388 1684; x_wconf 81' lang='grc' dir='ltr'><strong><em>τῆς</em></strong></span> <span class='ocrx_word' id='word_1_52' title='bbox 427 1593 647 1681; x_wconf 80' lang='grc' dir='ltr'><strong><em>χώρας</em></strong></span> 
     </span>
    </p>
   </div>
   <div class='ocr_carea' id='block_1_11' title="bbox 271 1771 1440 1971">
    <p class='ocr_par' dir='ltr' id='par_1_11' title="bbox 271 1771 1440 1971">
     <span class='ocr_line' id='line_1_17' title="bbox 360 1771 1440 1859; baseline -0.001 -17"><span class='ocrx_word' id='word_1_53' title='bbox 360 1780 441 1842; x_wconf 89' lang='grc'><strong><em>47</em></strong></span> <span class='ocrx_word' id='word_1_54' title='bbox 485 1777 641 1859; x_wconf 85' lang='grc'>(13),</span> <span class='ocrx_word' id='word_1_55' title='bbox 713 1779 839 1843; x_wconf 87' lang='grc'><strong><em>330</em></strong></span> <span class='ocrx_word' id='word_1_56' title='bbox 880 1779 971 1856; x_wconf 88' lang='grc'>(7)</span> <span class='ocrx_word' id='word_1_57' title='bbox 1013 1777 1203 1858; x_wconf 82' lang='grc' dir='ltr'><strong><em>γόνυ</em></strong></span> <span class='ocrx_word' id='word_1_58' title='bbox 1250 1771 1440 1840; x_wconf 80' lang='grc' dir='ltr'><strong><em>οὔπω</em></strong></span> 
     </span>
     <span class='ocr_line' id='line_1_18' title="bbox 271 1880 966 1971; baseline -0.004 -21"><span class='ocrx_word' id='word_1_59' title='bbox 271 1883 716 1971; x_wconf 81' lang='grc' dir='ltr'><em>κάμψαντι</em></span> <span class='ocrx_word' id='word_1_60' title='bbox 762 1880 966 1965; x_wconf 74' lang='grc' dir='ltr'>(ἐμοί)</span> 
     </span>
    </p>
   </div>
   <div class='ocr_carea' id='block_1_12' title="bbox 275 2060 1439 2260">
    <p class='ocr_par' dir='ltr' id='par_1_12' title="bbox 275 2060 1439 2260">
     <span class='ocr_line' id='line_1_19' title="bbox 359 2060 1439 2152; baseline -0.002 -20"><span class='ocrx_word' id='word_1_61' title='bbox 359 2069 445 2132; x_wconf 83' lang='grc'><strong><em>54</em></strong></span> <span class='ocrx_word' id='word_1_62' title='bbox 486 2066 622 2151; x_wconf 88' lang='grc'>(24)</span> <span class='ocrx_word' id='word_1_63' title='bbox 709 2060 868 2131; x_wconf 71' lang='grc' dir='ltr'><strong><em>ὑπὸ</em></strong></span> <span class='ocrx_word' id='word_1_64' title='bbox 930 2070 1069 2130; x_wconf 84' lang='grc' dir='ltr'><strong><em>τοῦ</em></strong></span> <span class='ocrx_word' id='word_1_65' title='bbox 1134 2065 1439 2152; x_wconf 87' lang='grc' dir='ltr'><strong><em>χρόνου</em></strong></span> 
     </span>
     <span class='ocr_line' id='line_1_20' title="bbox 275 2175 1056 2260; baseline -0.005 -21"><span class='ocrx_word' id='word_1_66' title='bbox 275 2175 1056 2260; x_wconf 81' lang='grc' dir='ltr'><strong><em>περιτετριμμένον</em></strong></span> 
     </span>
    </p>
   </div>
   <div class='ocr_carea' id='block_1_13' title="bbox 275 2312 1443 2543">
    <p class='ocr_par' dir='ltr' id='par_1_13' title="bbox 275 2312 1443 2543">
     <span class='ocr_line' id='line_1_21' title="bbox 363 2312 1443 2441; baseline -0.002 -21"><span class='ocrx_word' id='word_1_67' title='bbox 363 2358 448 2420; x_wconf 83' lang='grc'><strong><em>54</em></strong></span> <span class='ocrx_word' id='word_1_68' title='bbox 489 2354 625 2439; x_wconf 89' lang='grc'>(30)</span> <span class='ocrx_word' id='word_1_69' title='bbox 667 2312 1260 2441; x_wconf 81' lang='grc' dir='ltr'><strong><em>προσδέχομαι</em></strong></span> <span class='ocrx_word' id='word_1_70' title='bbox 1303 2352 1443 2418; x_wconf 83' lang='grc' dir='ltr'><strong><em>τὸν</em></strong></span> 
     </span>
     <span class='ocr_line' id='line_1_22' title="bbox 275 2462 1091 2543; baseline -0.005 -15"><span class='ocrx_word' id='word_1_71' title='bbox 275 2462 518 2543; x_wconf 84' lang='grc' dir='ltr'><strong><em>λόγον</em></strong></span> <span class='ocrx_word' id='word_1_72' title='bbox 1015 2488 1091 2501; x_wconf 85' lang='lat'><strong><em>··</em></strong></span> 
     </span>
    </p>
   </div>
   <div class='ocr_carea' id='block_1_14' title="bbox 278 2595 1439 2816">
    <p class='ocr_par' dir='ltr' id='par_1_14' title="bbox 278 2595 1439 2816">
     <span class='ocr_line' id='line_1_23' title="bbox 291 2595 1439 2730; baseline -0.003 -21"><span class='ocrx_word' id='word_1_73' title='bbox 291 2595 297 2598; x_wconf 47' lang='lat'>&gt;</span> <span class='ocrx_word' id='word_1_74' title='bbox 363 2646 442 2709; x_wconf 84' lang='lat'><strong><em>67</em></strong></span> <span class='ocrx_word' id='word_1_75' title='bbox 486 2644 581 2728; x_wconf 87' lang='grc'><strong><em>(3)</em></strong></span> <span class='ocrx_word' id='word_1_76' title='bbox 669 2645 950 2719; x_wconf 88' lang='grc' dir='ltr'><strong><em>λίθοις</em></strong></span> <span class='ocrx_word' id='word_1_77' title='bbox 1025 2637 1439 2730; x_wconf 77' lang='grc' dir='ltr'><strong><em>ὖποστρά-</em></strong></span> 
     </span>
     <span class='ocr_line' id='line_1_24' title="bbox 278 2774 473 2816; baseline 0.005 -1"><span class='ocrx_word' id='word_1_78' title='bbox 278 2774 473 2816; x_wconf 88' lang='grc' dir='ltr'><strong><em>πτει</em></strong></span> 
     </span>
    </p>
   </div>
   <div class='ocr_carea' id='block_1_15' title="bbox 278 2929 1438 3106">
    <p class='ocr_par' dir='ltr' id='par_1_15' title="bbox 278 2929 1438 3106">
     <span class='ocr_line' id='line_1_25' title="bbox 370 2929 1438 3016; baseline -0.001 -19"><span class='ocrx_word' id='word_1_79' title='bbox 370 2934 486 2997; x_wconf 90' lang='grc'>123</span> <span class='ocrx_word' id='word_1_80' title='bbox 529 2932 664 3016; x_wconf 90' lang='grc'>(22)</span> <span class='ocrx_word' id='word_1_81' title='bbox 745 2935 1066 3015; x_wconf 81' lang='grc' dir='ltr'><strong><em>πεῖσμα</em></strong></span> <span class='ocrx_word' id='word_1_82' title='bbox 1150 2929 1438 3013; x_wconf 83' lang='grc' dir='ltr'><strong><em>βάλλε-</em></strong></span> 
     </span>
     <span class='ocr_line' id='line_1_26' title="bbox 278 3034 616 3106; baseline -0.009 0"><span class='ocrx_word' id='word_1_83' title='bbox 278 3044 492 3106; x_wconf 89' lang='grc' dir='ltr'><strong><em>σθαι</em></strong></span> <span class='ocrx_word' id='word_1_84' title='bbox 534 3034 616 3105; x_wconf 81' lang='grc' dir='ltr'><strong><em>ἕκ</em></strong></span> 
     </span>
    </p>
   </div>
   <div class='ocr_carea' id='block_1_16' title="bbox 274 3219 1446 3415">
    <p class='ocr_par' dir='ltr' id='par_1_16' title="bbox 274 3219 1446 3415">
     <span class='ocr_line' id='line_1_27' title="bbox 366 3219 1439 3305; baseline -0.002 -19"><span class='ocrx_word' id='word_1_85' title='bbox 366 3225 487 3286; x_wconf 80' lang='lat'><strong><em>125</em></strong></span> <span class='ocrx_word' id='word_1_86' title='bbox 529 3222 687 3303; x_wconf 87' lang='lat'>(11),</span> <span class='ocrx_word' id='word_1_87' title='bbox 745 3222 872 3284; x_wconf 84' lang='lat'><strong><em>324</em></strong></span> <span class='ocrx_word' id='word_1_88' title='bbox 915 3220 1068 3305; x_wconf 84' lang='lat'>(27),</span> <span class='ocrx_word' id='word_1_89' title='bbox 1134 3222 1258 3285; x_wconf 82' lang='lat'><strong><em>325</em></strong></span> <span class='ocrx_word' id='word_1_90' title='bbox 1300 3219 1439 3304; x_wconf 83' lang='lat'>(16)</span> 
     </span>
     <span class='ocr_line' id='line_1_28' title="bbox 274 3323 1446 3415; baseline -0.002 -21"><span class='ocrx_word' id='word_1_91' title='bbox 274 3326 518 3413; x_wconf 71' lang='grc' dir='ltr'><strong><em>ἐπειδὴ</em></strong></span> <span class='ocrx_word' id='word_1_92' title='bbox 538 3334 663 3394; x_wconf 91' lang='grc' dir='ltr'><strong><em>Μο</em></strong></span> <span class='ocrx_word' id='word_1_93' title='bbox 685 3334 909 3415; x_wconf 90' lang='grc' dir='ltr'><strong><em>ίραις</em></strong></span> <span class='ocrx_word' id='word_1_94' title='bbox 934 3323 1214 3393; x_wconf 74' lang='grc' dir='ltr'><strong><em>ἐδόκει</em></strong></span> <span class='ocrx_word' id='word_1_95' title='bbox 1251 3325 1446 3415; x_wconf 80' lang='grc' dir='ltr'><strong><em>ἕτερα</em></strong></span> 
     </span>
    </p>
   </div>
   <div class='ocr_carea' id='block_1_17' title="bbox 276 3506 1439 3684">
    <p class='ocr_par' dir='ltr' id='par_1_17' title="bbox 276 3506 1439 3684">
     <span class='ocr_line' id='line_1_29' title="bbox 367 3506 1439 3594; baseline -0.003 -18"><span class='ocrx_word' id='word_1_96' title='bbox 367 3516 487 3577; x_wconf 90' lang='grc'><strong><em>134</em></strong></span> <span class='ocrx_word' id='word_1_97' title='bbox 545 3512 638 3594; x_wconf 97' lang='grc'><strong><em>(6)</em></strong></span> <span class='ocrx_word' id='word_1_98' title='bbox 722 3506 759 3594; x_wconf 69' lang='grc' dir='ltr'><strong><em>’ἢ</em></strong></span> <span class='ocrx_word' id='word_1_99' title='bbox 842 3513 966 3594; x_wconf 80' lang='grc' dir='ltr'><strong><em>μὲν</em></strong></span> <span class='ocrx_word' id='word_1_100' title='bbox 1048 3509 1439 3576; x_wconf 87' lang='grc' dir='ltr'><strong><em>θάλαττα</em></strong></span> 
     </span>
     <span class='ocr_line' id='line_1_30' title="bbox 276 3614 552 3684; baseline -0.007 -1"><span class='ocrx_word' id='word_1_101' title='bbox 276 3614 552 3684; x_wconf 78' lang='grc' dir='ltr'><strong><em>ὖπτία</em></strong></span> 
     </span>
    </p>
   </div>
   <div class='ocr_carea' id='block_1_18' title="bbox 280 3795 1438 4007">
    <p class='ocr_par' dir='ltr' id='par_1_18' title="bbox 280 3795 1438 4007">
     <span class='ocr_line' id='line_1_31' title="bbox 366 3795 1438 3887; baseline -0.001 -21"><span class='ocrx_word' id='word_1_102' title='bbox 366 3805 483 3867; x_wconf 86' lang='grc'><strong><em>147</em></strong></span> <span class='ocrx_word' id='word_1_103' title='bbox 527 3805 660 3881; x_wconf 88' lang='grc'>(18)</span> <span class='ocrx_word' id='word_1_104' title='bbox 745 3800 862 3887; x_wconf 76' lang='grc' dir='ltr'><strong><em>τὴν</em></strong></span> <span class='ocrx_word' id='word_1_105' title='bbox 904 3806 1273 3878; x_wconf 86' lang='grc' dir='ltr'><strong><em>ταινίαν,</em></strong></span> <span class='ocrx_word' id='word_1_106' title='bbox 1359 3795 1438 3886; x_wconf 75' lang='grc' dir='ltr'><strong><em>ἣν</em></strong></span> 
     </span>
     <span class='ocr_line' id='line_1_32' title="bbox 280 3899 729 4007; baseline 0.002 -34"><span class='ocrx_word' id='word_1_107' title='bbox 280 3899 729 4007; x_wconf 77' lang='grc' dir='ltr'><strong><em>άναδεῖται</em></strong></span> 
     </span>
    </p>
   </div>
   <div class='ocr_carea' id='block_1_19' title="bbox 369 4088 1444 4177">
    <p class='ocr_par' dir='ltr' id='par_1_19' title="bbox 369 4088 1444 4177">
     <span class='ocr_line' id='line_1_33' title="bbox 369 4088 1444 4177; baseline 0 -21"><span class='ocrx_word' id='word_1_108' title='bbox 369 4095 487 4156; x_wconf 90' lang='grc'><strong><em>176</em></strong></span> <span class='ocrx_word' id='word_1_109' title='bbox 529 4090 667 4177; x_wconf 80' lang='grc'>(20)</span> <span class='ocrx_word' id='word_1_110' title='bbox 728 4088 1194 4176; x_wconf 78' lang='grc' dir='ltr'><strong><em>στεφάνους</em></strong></span> <span class='ocrx_word' id='word_1_111' title='bbox 1253 4092 1444 4156; x_wconf 84' lang='grc' dir='ltr'><strong><em>πλέ-</em></strong></span> 
     </span>
    </p>
   </div>
   <div class='ocr_carea' id='block_1_20' title="bbox 280 4223 457 4265">
    <p class='ocr_par' dir='ltr' id='par_1_20' title="bbox 280 4223 457 4265">
     <span class='ocr_line' id='line_1_34' title="bbox 280 4223 457 4265; baseline -0.011 0"><span class='ocrx_word' id='word_1_112' title='bbox 280 4223 457 4265; x_wconf 71' lang='lat' dir='ltr'><strong><em>xetv</em></strong></span> 
     </span>
    </p>
   </div>
   <div class='ocr_carea' id='block_1_21' title="bbox 270 4352 1445 4573">
    <p class='ocr_par' dir='ltr' id='par_1_21' title="bbox 270 4352 1445 4573">
     <span class='ocr_line' id='line_1_35' title="bbox 372 4352 1445 4466; baseline 0 -22"><span class='ocrx_word' id='word_1_113' title='bbox 372 4352 489 4446; x_wconf 92' lang='grc'><strong><em>176</em></strong></span> <span class='ocrx_word' id='word_1_114' title='bbox 531 4382 669 4462; x_wconf 90' lang='grc'><strong><em>(31)</em></strong></span> <span class='ocrx_word' id='word_1_115' title='bbox 713 4376 805 4447; x_wconf 75' lang='grc' dir='ltr'><strong><em>ἐν</em></strong></span> <span class='ocrx_word' id='word_1_116' title='bbox 847 4386 1261 4466; x_wconf 79' lang='grc' dir='ltr'><strong><em>κορυφαῖς</em></strong></span> <span class='ocrx_word' id='word_1_117' title='bbox 1302 4380 1445 4446; x_wconf 80' lang='grc' dir='ltr'><strong><em>τοῦ</em></strong></span> 
     </span>
     <span class='ocr_line' id='line_1_36' title="bbox 270 4481 1181 4573; baseline 0.002 -21"><span class='ocrx_word' id='word_1_118' title='bbox 270 4481 682 4573; x_wconf 81' lang='grc' dir='ltr'><strong><em>Ὀλύμπου</em></strong></span> <span class='ocrx_word' id='word_1_119' title='bbox 1176 4492 1181 4497; x_wconf 81' lang='grc'><strong>’</strong></span> 
     </span>
    </p>
   </div>
   <div class='ocr_carea' id='block_1_22' title="bbox 1706 1363 2496 1446">
    <p class='ocr_par' dir='ltr' id='par_1_22' title="bbox 1706 1363 2496 1446">
     <span class='ocr_line' id='line_1_37' title="bbox 1706 1363 2496 1446; baseline 0.004 -18"><span class='ocrx_word' id='word_1_120' title='bbox 1706 1363 2099 1445; x_wconf 83' lang='lat' dir='ltr'>Imagines</span> <span class='ocrx_word' id='word_1_121' title='bbox 2147 1365 2496 1446; x_wconf 82' lang='lat' dir='ltr'>priores:</span> 
     </span>
    </p>
   </div>
   <div class='ocr_carea' id='block_1_23' title="bbox 1542 1485 2707 1686">
    <p class='ocr_par' dir='ltr' id='par_1_23' title="bbox 1542 1485 2707 1686">
     <span class='ocr_line' id='line_1_38' title="bbox 1624 1485 2707 1572; baseline 0.006 -20"><span class='ocrx_word' id='word_1_122' title='bbox 1624 1491 1749 1553; x_wconf 76' lang='lat'><strong><em>355</em></strong></span> <span class='ocrx_word' id='word_1_123' title='bbox 1790 1489 1926 1572; x_wconf 91' lang='grc'>(18)</span> <span class='ocrx_word' id='word_1_124' title='bbox 1998 1488 2162 1554; x_wconf 88' lang='grc' dir='ltr'><strong><em>κατ’</em></strong></span> <span class='ocrx_word' id='word_1_125' title='bbox 2212 1487 2465 1566; x_wconf 83' lang='grc' dir='ltr'><strong><em>ἄλλος</em></strong></span> <span class='ocrx_word' id='word_1_126' title='bbox 2507 1485 2707 1558; x_wconf 75' lang='grc' dir='ltr'><strong><em>ἄλλο</em></strong></span> 
     </span>
     <span class='ocr_line' id='line_1_39' title="bbox 1542 1590 2041 1686; baseline 0.008 -29"><span class='ocrx_word' id='word_1_127' title='bbox 1542 1594 1662 1686; x_wconf 73' lang='grc' dir='ltr'><strong><em>τοῦ</em></strong></span> <span class='ocrx_word' id='word_1_128' title='bbox 1702 1590 2041 1683; x_wconf 73' lang='grc' dir='ltr'><strong><em>ἀνδρῶνος</em></strong></span> 
     </span>
    </p>
   </div>
   <div class='ocr_carea' id='block_1_24' title="bbox 1542 1772 2707 1970">
    <p class='ocr_par' dir='ltr' id='par_1_24' title="bbox 1542 1772 2707 1970">
     <span class='ocr_line' id='line_1_40' title="bbox 1624 1772 2707 1870; baseline 0.006 -31"><span class='ocrx_word' id='word_1_129' title='bbox 1624 1778 1748 1840; x_wconf 88' lang='grc'><strong><em>374</em></strong></span> <span class='ocrx_word' id='word_1_130' title='bbox 1771 1776 1866 1861; x_wconf 87' lang='grc'>(8)</span> <span class='ocrx_word' id='word_1_131' title='bbox 1914 1772 2073 1842; x_wconf 67' lang='grc' dir='ltr'><strong><em>οὐδὲ</em></strong></span> <span class='ocrx_word' id='word_1_132' title='bbox 2109 1776 2300 1859; x_wconf 86' lang='grc' dir='ltr'><strong><em>γόνυ</em></strong></span> <span class='ocrx_word' id='word_1_133' title='bbox 2343 1778 2707 1870; x_wconf 79' lang='grc' dir='ltr'><strong><em>κάμψας,</em></strong></span> 
     </span>
     <span class='ocr_line' id='line_1_41' title="bbox 1542 1883 2707 1970; baseline 0.004 -24"><span class='ocrx_word' id='word_1_134' title='bbox 1542 1884 1666 1947; x_wconf 88' lang='grc'><strong><em>384</em></strong></span> <span class='ocrx_word' id='word_1_135' title='bbox 1688 1883 1823 1966; x_wconf 88' lang='grc'>(14)</span> <span class='ocrx_word' id='word_1_136' title='bbox 1869 1884 1944 1948; x_wconf 82' lang='grc' dir='ltr'><strong><em>τὸ</em></strong></span> <span class='ocrx_word' id='word_1_137' title='bbox 1973 1883 2168 1965; x_wconf 85' lang='grc' dir='ltr'><strong><em>γόνυ</em></strong></span> <span class='ocrx_word' id='word_1_138' title='bbox 2210 1884 2707 1970; x_wconf 79' lang='grc' dir='ltr'><strong><em>κάμπτουσα</em></strong></span> 
     </span>
    </p>
   </div>
   <div class='ocr_carea' id='block_1_25' title="bbox 1539 2065 2706 2440">
    <p class='ocr_par' dir='ltr' id='par_1_25' title="bbox 1539 2065 2706 2440">
     <span class='ocr_line' id='line_1_42' title="bbox 1622 2065 2706 2155; baseline 0.006 -27"><span class='ocrx_word' id='word_1_139' title='bbox 1622 2067 1746 2129; x_wconf 87' lang='grc'><strong><em>326</em></strong></span> <span class='ocrx_word' id='word_1_140' title='bbox 1829 2065 1967 2149; x_wconf 91' lang='grc'>(18)</span> <span class='ocrx_word' id='word_1_141' title='bbox 2046 2071 2706 2155; x_wconf 87' lang='grc' dir='ltr'><strong><em>περιτέτριπται</em></strong></span> 
     </span>
     <span class='ocr_line' id='line_1_43' title="bbox 1539 2166 2233 2258; baseline 0.006 -23"><span class='ocrx_word' id='word_1_142' title='bbox 1539 2166 1707 2236; x_wconf 70' lang='grc' dir='ltr'><strong><em>ὑπὸ</em></strong></span> <span class='ocrx_word' id='word_1_143' title='bbox 1750 2173 1893 2236; x_wconf 84' lang='grc' dir='ltr'><strong><em>τοῦ</em></strong></span> <span class='ocrx_word' id='word_1_144' title='bbox 1935 2171 2233 2258; x_wconf 87' lang='grc' dir='ltr'><strong><em>χρόνου</em></strong></span> 
     </span>
     <span class='ocr_line' id='line_1_44' title="bbox 1625 2350 2706 2440; baseline 0.007 -24"><span class='ocrx_word' id='word_1_145' title='bbox 1625 2355 1745 2417; x_wconf 88' lang='grc'><strong><em>331</em></strong></span> <span class='ocrx_word' id='word_1_146' title='bbox 1790 2353 1930 2438; x_wconf 89' lang='grc'>(27)</span> <span class='ocrx_word' id='word_1_147' title='bbox 2000 2350 2083 2420; x_wconf 82' lang='grc' dir='ltr'><strong><em>οὗ</em></strong></span> <span class='ocrx_word' id='word_1_148' title='bbox 2140 2355 2706 2440; x_wconf 82' lang='grc' dir='ltr'><strong><em>προσδέχεται</em></strong></span> 
     </span>
    </p>
   </div>
   <div class='ocr_carea' id='block_1_26' title="bbox 1544 2457 1965 2542">
    <p class='ocr_par' dir='ltr' id='par_1_26' title="bbox 1544 2457 1965 2542">
     <span class='ocr_line' id='line_1_45' title="bbox 1544 2457 1965 2542; baseline 0.007 -19"><span class='ocrx_word' id='word_1_149' title='bbox 1544 2457 1682 2524; x_wconf 82' lang='grc' dir='ltr'><strong><em>τὸν</em></strong></span> <span class='ocrx_word' id='word_1_150' title='bbox 1724 2458 1965 2542; x_wconf 88' lang='grc' dir='ltr'><strong><em>λόγον</em></strong></span> 
     </span>
    </p>
   </div>
   <div class='ocr_carea' id='block_1_27' title="bbox 1542 2640 2712 2825">
    <p class='ocr_par' dir='ltr' id='par_1_27' title="bbox 1542 2640 2712 2825">
     <span class='ocr_line' id='line_1_46' title="bbox 1626 2640 2712 2731; baseline 0.007 -27"><span class='ocrx_word' id='word_1_151' title='bbox 1626 2644 1751 2707; x_wconf 85' lang='grc'><strong><em>295</em></strong></span> <span class='ocrx_word' id='word_1_152' title='bbox 1794 2645 1932 2729; x_wconf 88' lang='grc'>(23)</span> <span class='ocrx_word' id='word_1_153' title='bbox 1978 2640 2409 2731; x_wconf 77' lang='grc' dir='ltr'><strong><em>ἤστραπτε</em></strong></span> <span class='ocrx_word' id='word_1_154' title='bbox 2598 2650 2712 2712; x_wconf 85' lang='grc' dir='ltr'><strong><em>καὶ</em></strong></span> 
     </span>
     <span class='ocr_line' id='line_1_47' title="bbox 1542 2749 1834 2825; baseline 0 -11"><span class='ocrx_word' id='word_1_155' title='bbox 1542 2749 1834 2825; x_wconf 88' lang='grc' dir='ltr'><strong><em>λίθοις</em></strong></span> 
     </span>
    </p>
   </div>
   <div class='ocr_carea' id='block_1_28' title="bbox 1540 2930 2710 3118">
    <p class='ocr_par' dir='ltr' id='par_1_28' title="bbox 1540 2930 2710 3118">
     <span class='ocr_line' id='line_1_48' title="bbox 1626 2930 2710 3020; baseline 0.005 -24"><span class='ocrx_word' id='word_1_156' title='bbox 1626 2934 1748 2996; x_wconf 87' lang='grc'><strong><em>312</em></strong></span> <span class='ocrx_word' id='word_1_157' title='bbox 1791 2932 1887 3017; x_wconf 90' lang='grc'>(6)</span> <span class='ocrx_word' id='word_1_158' title='bbox 1973 2930 2124 2997; x_wconf 72' lang='grc' dir='ltr'><strong><em>ἰδού</em></strong></span> <span class='ocrx_word' id='word_1_159' title='bbox 2198 2938 2314 3000; x_wconf 85' lang='grc' dir='ltr'><strong><em>καὶ</em></strong></span> <span class='ocrx_word' id='word_1_160' title='bbox 2396 2941 2710 3020; x_wconf 84' lang='grc' dir='ltr'><strong><em>πεῖσμα</em></strong></span> 
     </span>
     <span class='ocr_line' id='line_1_49' title="bbox 1540 3036 1992 3118; baseline 0.007 -16"><span class='ocrx_word' id='word_1_161' title='bbox 1540 3036 1992 3118; x_wconf 77' lang='grc' dir='ltr'><strong><em>βάλλονται</em></strong></span> 
     </span>
    </p>
   </div>
   <div class='ocr_carea' id='block_1_29' title="bbox 1549 3218 2712 3393">
    <p class='ocr_par' dir='ltr' id='par_1_29' title="bbox 1549 3218 2712 3393">
     <span class='ocr_line' id='line_1_50' title="bbox 1624 3218 2712 3309; baseline 0.005 -24"><span class='ocrx_word' id='word_1_162' title='bbox 1624 3222 1746 3285; x_wconf 83' lang='grc'><strong><em>353</em></strong></span> <span class='ocrx_word' id='word_1_163' title='bbox 1789 3220 1885 3304; x_wconf 89' lang='grc'><strong><em>(4)</em></strong></span> <span class='ocrx_word' id='word_1_164' title='bbox 1939 3218 2280 3288; x_wconf 81' lang='grc' dir='ltr'><strong><em>κλώθουσι</em></strong></span> <span class='ocrx_word' id='word_1_165' title='bbox 2336 3228 2423 3287; x_wconf 91' lang='grc' dir='ltr'><strong>Μ</strong></span> <span class='ocrx_word' id='word_1_166' title='bbox 2429 3247 2464 3289; x_wconf 96' lang='grc' dir='ltr'><strong><em>ο</em></strong></span> <span class='ocrx_word' id='word_1_167' title='bbox 2480 3228 2509 3287; x_wconf 90' lang='grc' dir='ltr'><strong><em>ί</em></strong></span> <span class='ocrx_word' id='word_1_168' title='bbox 2516 3249 2552 3309; x_wconf 92' lang='grc' dir='ltr'><strong><em>ρ</em></strong></span> <span class='ocrx_word' id='word_1_169' title='bbox 2572 3248 2618 3288; x_wconf 91' lang='grc' dir='ltr'><strong><em>α</em></strong></span> <span class='ocrx_word' id='word_1_170' title='bbox 2634 3250 2657 3290; x_wconf 91' lang='grc' dir='ltr'><strong><em>ι</em></strong></span> <span class='ocrx_word' id='word_1_171' title='bbox 2680 3248 2712 3302; x_wconf 92' lang='grc' dir='ltr'><strong><em>ς</em></strong></span> 
     </span>
     <span class='ocr_line' id='line_1_51' title="bbox 1549 3326 1858 3393; baseline 0.01 -2"><span class='ocrx_word' id='word_1_172' title='bbox 1549 3326 1858 3393; x_wconf 79' lang='grc' dir='ltr'><strong><em>δοκοῦν</em></strong></span> 
     </span>
    </p>
   </div>
   <div class='ocr_carea' id='block_1_30' title="bbox 1622 3504 2708 3596">
    <p class='ocr_par' dir='ltr' id='par_1_30' title="bbox 1622 3504 2708 3596">
     <span class='ocr_line' id='line_1_52' title="bbox 1622 3504 2708 3596; baseline 0.003 -22"><span class='ocrx_word' id='word_1_173' title='bbox 1622 3511 1746 3575; x_wconf 82' lang='lat'><strong><em>363</em></strong></span> <span class='ocrx_word' id='word_1_174' title='bbox 1787 3513 1923 3591; x_wconf 75' lang='grc'>(27)</span> <span class='ocrx_word' id='word_1_175' title='bbox 1994 3508 2158 3596; x_wconf 68' lang='grc' dir='ltr'><strong><em>μήθ’</em></strong></span> <span class='ocrx_word' id='word_1_176' title='bbox 2225 3504 2491 3575; x_wconf 67' lang='grc' dir='ltr'><strong><em>ὕπτια</em></strong></span> <span class='ocrx_word' id='word_1_177' title='bbox 2558 3508 2708 3577; x_wconf 67' lang='grc' dir='ltr'><strong><em>θά-</em></strong></span> 
     </span>
    </p>
   </div>
   <div class='ocr_carea' id='block_1_31' title="bbox 1543 3617 1812 3681">
    <p class='ocr_par' dir='ltr' id='par_1_31' title="bbox 1543 3617 1812 3681">
     <span class='ocr_line' id='line_1_53' title="bbox 1543 3617 1812 3681; baseline -0.004 0"><span class='ocrx_word' id='word_1_178' title='bbox 1543 3617 1812 3681; x_wconf 84' lang='grc' dir='ltr'><strong><em>λαττα</em></strong></span> 
     </span>
    </p>
   </div>
   <div class='ocr_carea' id='block_1_32' title="bbox 1543 3794 2762 3991">
    <p class='ocr_par' dir='ltr' id='par_1_32' title="bbox 1543 3794 2762 3991">
     <span class='ocr_line' id='line_1_54' title="bbox 1619 3794 2762 3902; baseline 0.003 -38"><span class='ocrx_word' id='word_1_179' title='bbox 1619 3800 1851 3885; x_wconf 81' lang='grc'>299(4)</span> <span class='ocrx_word' id='word_1_180' title='bbox 1874 3807 2199 3867; x_wconf 89' lang='grc' dir='ltr'><strong><em>ταινίαι</em></strong></span> <span class='ocrx_word' id='word_1_181' title='bbox 2221 3826 2251 3877; x_wconf 89' lang='grc' dir='ltr'><strong><em>ς</em></strong></span> <span class='ocrx_word' id='word_1_182' title='bbox 2280 3797 2486 3867; x_wconf 81' lang='grc' dir='ltr'><strong><em>αὖτὸν</em></strong></span> <span class='ocrx_word' id='word_1_183' title='bbox 2514 3794 2707 3867; x_wconf 80' lang='grc' dir='ltr'><strong><em>ἇνα-</em></strong></span> <span class='ocrx_word' id='word_1_184' title='bbox 2748 3885 2762 3902; x_wconf 38' lang='lat'><em>⁶</em></span> 
     </span>
     <span class='ocr_line' id='line_1_55' title="bbox 1543 3903 1946 3991; baseline 0.002 -21"><span class='ocrx_word' id='word_1_185' title='bbox 1543 3903 1946 3991; x_wconf 80' lang='grc' dir='ltr'><strong><em>δήσοντες</em></strong></span> 
     </span>
    </p>
   </div>
   <div class='ocr_carea' id='block_1_33' title="bbox 1546 4090 2712 4264">
    <p class='ocr_par' dir='ltr' id='par_1_33' title="bbox 1546 4090 2712 4264">
     <span class='ocr_line' id='line_1_56' title="bbox 1628 4090 2712 4175; baseline 0 -21"><span class='ocrx_word' id='word_1_186' title='bbox 1628 4092 1748 4157; x_wconf 89' lang='grc'><strong><em>301</em></strong></span> <span class='ocrx_word' id='word_1_187' title='bbox 1797 4091 1910 4175; x_wconf 89' lang='grc'>(4),</span> <span class='ocrx_word' id='word_1_188' title='bbox 1969 4092 2091 4156; x_wconf 89' lang='grc'><strong><em>336</em></strong></span> <span class='ocrx_word' id='word_1_189' title='bbox 2138 4090 2234 4174; x_wconf 86' lang='grc'><strong><em>(2)</em></strong></span> <span class='ocrx_word' id='word_1_190' title='bbox 2283 4093 2712 4174; x_wconf 83' lang='grc' dir='ltr'><strong><em>στέφανον</em></strong></span> 
     </span>
     <span class='ocr_line' id='line_1_57' title="bbox 1546 4199 1837 4264; baseline -0.003 -1"><span class='ocrx_word' id='word_1_191' title='bbox 1546 4199 1837 4264; x_wconf 84' lang='grc' dir='ltr'><strong><em>πλέκει</em></strong></span> 
     </span>
    </p>
   </div>
   <div class='ocr_carea' id='block_1_34' title="bbox 1536 4372 2710 4568">
    <p class='ocr_par' dir='ltr' id='par_1_34' title="bbox 1536 4372 2710 4568">
     <span class='ocr_line' id='line_1_58' title="bbox 1631 4372 2710 4473; baseline -0.002 -30"><span class='ocrx_word' id='word_1_192' title='bbox 1631 4381 1758 4473; x_wconf 24' lang='grc'>330-</span> <span class='ocrx_word' id='word_1_193' title='bbox 1795 4377 1935 4463; x_wconf 86' lang='grc'>(27)</span> <span class='ocrx_word' id='word_1_194' title='bbox 2001 4372 2088 4443; x_wconf 76' lang='grc' dir='ltr'><strong><em>ἐν</em></strong></span> <span class='ocrx_word' id='word_1_195' title='bbox 2128 4381 2531 4463; x_wconf 85' lang='grc' dir='ltr'><strong><em>κορυφαῖς</em></strong></span> <span class='ocrx_word' id='word_1_196' title='bbox 2572 4381 2710 4441; x_wconf 68' lang='lat' dir='ltr'><strong><em>‘coi&#39;</em></strong></span> 
     </span>
     <span class='ocr_line' id='line_1_59' title="bbox 1536 4481 1954 4568; baseline 0 -18"><span class='ocrx_word' id='word_1_197' title='bbox 1536 4481 1954 4568; x_wconf 78' lang='grc' dir='ltr'><strong><em>Ὀλύμπου</em></strong></span> 
     </span>
    </p>
   </div>
  </div>
 </body>
</html>
