3109 5142
728 531 912 617 'Vita
953 551 1356 634 Apollonii
1658 558 1724 617 et

556 659 680 723 139
723 657 879 741 (11),
927 660 1042 723 161
1091 659 1226 742 (22)
1273 658 1336 724 οἳ
1374 683 1632 744 παρα-

475 761 866 846 τυχόντες
907 765 1010 853 τῷ
1052 763 1261 854 λόγῳ

562 955 680 1018 152
722 955 857 1036 (21)
903 953 1138 1039 ἐνέβη
1184 963 1389 1020 ναῦν
1429 941 1681 1027 ἄπο-μ.

472 1060 802 1148 χρῶσαν
847 1069 937 1150 τῷ
981 1062 1180 1150 κοινῷ

559 1251 678 1315 153
723 1250 857 1333 (22)
903 1258 1154 1326 ν’ἴσος
1197 1246 1282 1316 ἕκ
1325 1260 1456 1336 τῆς
1497 1257 1639 1315 θα-

472 1354 769 1441 λάττης
813 1351 1190 1443 ἆνεδόθη

559 1549 678 1612 163
725 1545 858 1630 (22)
926 1543 1332 1628 δαιμόνια
1377 1570 1458 1610 τε
1501 1551 1640 1609 καὶ

474 1651 760 1740 πρόσω
804 1648 1183 1735 ἅνθρώπου

557 1849 675 1909 177
724 1846 857 1930 (11)
904 1840 940 1930 ἡ
985 1839 1277 1930 ἐκβολὴ
1319 1854 1464 1911 τοῦ
1511 1846 1638 1911 λό-

470 1975 612 2032 γου

561 2144 680 2208 180
733 2144 893 2222 (20),
960 2144 1082 2207 326
1136 2143 1270 2226 (10)
1337 2139 1640 2229 ἄριστα

474 2246 567 2333 δὴ
611 2243 1076 2335 ἀνθρώπων

560 2423 682 2486 180
725 2421 860 2504 (32)
903 2425 1458 2507 κοιμίζεσθαι
1507 2418 1635 2488 αὖ·

470 2536 558 2617 τῷ
602 2527 748 2613 τὴν
789 2527 1062 2612 λύπην
1101 2525 1235 2593 ὕπὸ
1281 2578 1294 2594 .
1342 2578 1356 2592 .
1405 2579 1420 2593 .

555 2703 675 2765 166
719 2702 812 2783 (6)
878 2676 1216 2785 σφόδρα
1259 2700 1410 2787 γάρ
1460 2702 1633 2766 δέο-

467 2831 613 2891 μαι
1235 2852 1239 2855 -

549 2980 672 3043 213
715 2979 830 3060 (9),
874 2982 999 3044 242
1042 2981 1196 3064 (14),
1298 2986 1433 3045 καὶ
1518 2979 1629 3046 εἶ-

380 3157 386 3164 ,
467 3086 595 3149 260
638 3086 795 3168 (17),
873 3089 997 3150 263
1039 3088 1197 3167 (22),
1376 3085 1552 3152 πῶν

465 3193 589 3256 292
632 3192 786 3274 (15),
874 3195 998 3259 300
1042 3193 1198 3277 (26),
1297 3202 1561 3258 ταῦτα
1670 3198 1673 3201 ’

549 3367 672 3428 218
753 3366 848 3448 (2)
933 3372 1072 3431 καὶ
1157 3366 1628 3447 καθεύδειν,

468 3464 564 3546 ὣς
612 3469 906 3553 ἔτυχεν

547 3645 671 3709 262
714 3645 870 3726 (16),
944 3648 1066 3712 310
1111 3647 1246 3729 (12)
1318 3652 1400 3712 τι
1461 3647 1632 3712 δοκῶ

466 3771 578 3814 σοι
619 3752 875 3832 λέγων
916 3746 952 3836 ἢ
999 3757 1067 3816 τί
1107 3750 1512 3839 uetitum),-

548 3925 671 3986 272
726 3923 861 4005 (29)
926 3894 1428 4008 ἐπιτηδείως
1491 3951 1633 4011 μοι

469 4025 685 4110 εἶχες

549 4206 669 4266 ’,ΞΠ
716 4204 851 4284 (11)
894 4204 1107 4269 τίδὲ
1149 4199 1239 4269 οὗ
1286 4207 1587 4289 μέλλω,

549 4378 673 4438 279
714 4373 807 4457 (8)
863 4376 1001 4459 (19)
1085 4376 1230 4452 τοὶς
1289 4373 1631 4461 ἐκβολάς

473 4490 601 4542 msa
645 4478 1048 4564 Ἅχελώου
1097 4532 1110 4547 .
1146 4532 1160 4548 .
1202 4535 1217 4550 .
1265 4532 1278 4547 .
1325 4482 1638 4576 ᾤκησεν

1728 3753 2028 3821 εἶπεν.

1643 359 1893 441 24-

2100 551 2533 617 Heroicusz

1824 661 1943 723 194
1984 659 2079 741 (6)
2122 665 2648 744 παρατυχεῖν
2694 703 2708 718 .
2756 703 2770 717 .
2824 702 2839 718 .
2891 703 2908 719 .

1737 771 1834 852 τῷ
1877 761 2085 852 λόγῳ
2503 808 2508 814 -

1826 955 1945 1018 134
1988 952 2125 1036 (26)
2172 949 2524 1039 ἐμβῆναι
2569 952 2778 1019 ναῦν
2822 946 2913 1026 ὣς

1738 1054 2260 1141 ἀποχρῶσαν
2310 1055 2475 1143 ὁμοῦ
2520 1069 2740 1126 πᾶσιν

1821 1252 1946 1314 212
1976 1251 2068 1331 (6)
2116 1249 2390 1316 ἱκετεύει
2434 1246 2914 1316 ἅναδοῦναί

1739 1382 1890 1423 τινα
1922 1352 2005 1422 ἐκ
2035 1365 2176 1442 τῆς
2204 1355 2627 1441 θαλάττης
2656 1356 2911 1442 νῆσον

1824 1549 1941 1611 195
1984 1547 2076 1628 (4)
2123 1544 2570 1631 δαιμόνιόν
2625 1569 2712 1612 τε
2765 1549 2905 1610 καὶ

1739 1658 1987 1738 σοφίας
2030 1653 2330 1740 πρόσω.

1824 1851 1945 1914 207
1980 1847 2072 1931 (9)
2105 1847 2259 1928 (18),
2308 1849 2423 1910 153
2468 1849 2559 1927 (3)
2604 1843 2741 1930 την
2781 1842 2901 1911 ἕκ-

1738 1952 1996 2036 βολὶν
2039 1963 2178 2019 τοῦ
2229 1951 2481 2034 λόγου

1786 2128 1948 2210 ’165
1996 2145 2131 2229 (12)
2216 2139 2519 2231 ἄριστα
2594 2145 2685 2211 δέ
2765 2141 2899 2210 ἆν-

1742 2249 2108 2332 θρώπων

1826 2426 1939 2488 197
1986 2424 2123 2508 (31)
2181 2425 2608 2508 κοιμίζοις
2662 2423 2737 2489 δὲ
2792 2426 2900 2487 καὶ

1734 2529 1878 2604 τοῖς
1920 2529 2195 2606 λύπας

1819 2705 1943 2769 204
1987 2704 2121 2785 (11)
2179 2704 2520 2790 σ’φόδρα
2577 2706 2732 2787 γάρ
2777 2705 2897 2770 δέ·-

1739 2832 1938 2893 ομαι

1820 2984 1938 3046 179
1969 2983 2106 3067 (12)
2151 2987 2285 3047 καὶ
2329 2981 2893 3049 εἶπώνταῦτα

1820 3374 1938 3436 170
1979 3371 2113 3453 (15)
2156 3375 2296 3435 καὶ
2340 3367 2445 3449 τό,
2505 3367 2591 3448 ὡς
2634 3369 2889 3454 ἔτυχε,

1730 3474 2184 3542 καθεύδειν

1820 3652 1938 3714 164
2001 3650 2134 3730 (11)
2219 3656 2298 3715 τι
2356 3653 2482 3735 γὰρ
2561 3627 2779 3735 σοφὰν
2855 3646 2887 3715 5*

2077 3805 2092 3820 .
2140 3806 2154 3820 .
2197 3752 2293 3842 ,ἢ
2355 3755 2755 3844 ἔπραξενς

1819 3930 1936 3993 139
2007 3929 2101 4010 (1)
2169 3925 2721 4015 ἐπιτηδείως
2755 3954 2889 4014 μοι

1730 4032 1932 4117 ἔχων

1800 4211 1926 4307 200
1966 4208 2061 4293 (9)
2103 4215 2186 4274 τί
2217 4209 2307 4274 δὲ
2346 4204 2437 4275 οὗ
2483 4212 2773 4295 μέλλω,·

1813 4381 1938 4443 212
1982 4380 2076 4464 (4)
2139 4429 2153 4445 .
2204 4430 2217 4444 .
2267 4430 2281 4444 .
2341 4379 2485 4456 τοὶς
2547 4376 2893 4462 ἐκβολάς

1737 4496 1877 4554 τοῦ
1911 4482 2320 4570 Ἄχελώου
2366 4482 2673 4577 ᾤκησεν
