3109 5142
1497 1315 1548 1381 1.

620 1510 736 1585 De
789 1506 1108 1584 familia
1161 1510 1248 1584 et
1302 1508 1648 1602 scriptis
1696 1507 2425 1584 Philostratorum.

471 1708 556 1774 Hi
595 1709 914 1791 sophistae
957 1710 1195 1775 Lemno
1245 1708 1455 1775 insula
1502 1707 1751 1774 oriundi
1808 1709 2083 1774 secundo
2125 1715 2317 1792 atque
2360 1712 2554 1777 tertio
2597 1730 2736 1777 sae-

308 1815 447 1880 culo
508 1821 652 1896 post
710 1812 857 1881 Chr.
915 1835 975 1880 n.
1033 1832 1263 1896 magna
1324 1814 1634 1880 florebant
1694 1815 2058 1880 litterarum
2129 1813 2317 1881 laude
2378 1816 2736 1899 multosque

307 1921 498 1986 variis
540 1920 620 1985 de
664 1921 857 1986 rebus
900 1920 1092 1987 libros
1137 1919 1478 1986 confecisse
1522 1919 1883 1999 traduntur,
1940 1938 2204 2000 quorum
2245 1921 2499 2002 plurimi
2540 1923 2737 2002 inter-

305 2026 535 2105 ierunt,
582 2028 652 2090 ut
695 2025 760 2090 hi
805 2031 1051 2092 tantum
1095 2025 1286 2091 etiam
1328 2025 1652 2106 supersint
1691 2043 1834 2090 cum
1880 2026 2199 2090 suavitate
2232 2026 2553 2106 orationiS,
2599 2034 2735 2091 tum

305 2131 663 2212 argumenti
705 2131 1018 2197 varietate
1061 2129 1434 2211 singulares

472 2239 539 2318 a)
579 2237 791 2317 Atque
851 2236 1178 2319 perbrevis
1235 2235 1539 2318 dialogus,
1593 2237 1699 2319 qui
1743 2235 1841 2318 „N
1858 2236 2035 2302 ero“
2086 2236 2452 2301 inscribitur
2508 2243 2575 2302 et
2616 2237 2739 2301 Lu·
2848 2238 2857 2245 '

306 2342 470 2406 ciani
525 2342 778 2424 scriptis
833 2342 1153 2408 immixtus
1211 2343 1292 2408 ad
1349 2362 1463 2408 nos
1504 2343 1813 2423 pervenit,
1874 2341 1970 2407 illi
2025 2343 2344 2424 sophistae
2386 2344 2737 2408 rectissime

304 2448 646 2530 abrogatus
703 2456 802 2514 est
852 2467 892 2512 a
949 2449 1253 2532 Kaysero,
1305 2449 1413 2531 qui
1470 2450 1636 2514 hunc
1695 2448 1978 2514 libellum
2025 2448 2408 2515 Philostrato
2452 2450 2530 2515 Il.
2591 2448 2737 2514 red-

305 2554 580 2620 dendum
625 2572 764 2619 esse
820 2561 1056 2620 censet.
1145 2556 1322 2634 Quae
1375 2555 1653 2621 facinora
1711 2555 1790 2620 ab
1840 2555 2224 2636 imperatore
2267 2555 2517 2621 Nerone
2573 2555 2736 2619 Isth-

304 2678 476 2724 mum
522 2660 914 2726 Corinthium
957 2662 1229 2726 scissuro
1285 2661 1414 2726 sint
1465 2667 1855 2742 perpetrata,
1900 2661 1984 2726 ibi
2027 2669 2329 2726 narratur
2371 2679 2410 2725 a
2452 2660 2737 2726 Musonio

304 2763 468 2831 Rufo
512 2766 709 2852 exule.
1494 2790 1503 2797 ·
2700 2851 2704 2855 ,

471 2874 546 2951 b)
589 2873 880 2954 Inprimis
928 2872 1251 2940 doctrinae
1293 2873 1838 2956 Pythagoreorum
1902 2871 2315 2939 celebrandae
2366 2890 2556 2938 causa
2602 2873 2734 2954 jam

306 2977 591 3045 confecta
654 2985 754 3044 est
813 2985 955 3045 octo
1019 2979 1196 3045 libris
1241 2979 1451 3045 Jufliae
1494 2978 1777 3044 Domnae
1825 2979 2008 3060 jussu
2053 2977 2282 3062 „Vita
2329 2978 2742 3060 Apollonii

309 3084 359 3148 T
374 3085 816 3166 yanensis“‚
855 3103 1018 3166 quae
1061 3091 1340 3151 vocatur.
1430 3084 1608 3162 Quod
1651 3103 1828 3165 opus,
1873 3085 2159 3167 quamvis
2200 3085 2401 3149 multa
2447 3083 2739 3149 exhibeat

307 3189 658 3271 prodigiose
701 3190 984 3270 conficta,
1032 3198 1243 3256 tamen
1291 3191 1686 3272 aptissimum
1741 3198 1842 3255 est
1884 3189 1966 3255 ad
2010 3192 2249 3256 animos
2304 3190 2737 3272 theologorum

306 3313 521 3376 aeque
565 3294 925 3361 alliciendos
967 3301 1158 3377 atque
1204 3294 1662 3377 philologorum
1706 3301 1771 3360 et
1813 3290 2271 3361 historicorum.

474 3403 540 3480 c)
583 3400 996 3481 Eloquentiae
1049 3419 1199 3466 vero
1261 3401 1464 3483 qualis
1517 3401 1976 3481 imperatorum
2031 3400 2248 3481 primis
2304 3400 2574 3464 saeculis
2640 3398 2734 3466 fu-

311 3508 438 3573 erit
493 3507 658 3571 ratio
710 3512 904 3587 atque
956 3507 1069 3587 vis,
1114 3507 1349 3589 optime
1391 3507 1789 3572 intellexeris
1834 3525 1911 3571 ex
1956 3526 2030 3572 eo
2073 3504 2249 3586 libre,
2303 3490 2408 3587 qui
2452 3505 2737 3589 „Vitae

307 3630 391 3677 so
403 3611 899 3693 phistarum“
964 3611 1340 3679 inscribitur.
1448 3600 1837 3695 Sophisticae
1890 3613 2054 3677 enim
2117 3612 2369 3677 scholae
2427 3630 2589 3694 quae
2644 3613 2737 3676 in-

308 3720 538 3784 stituta
600 3718 839 3784 fuerint
864 3770 881 3797 ,
948 3718 1420 3784 declamationis
1486 3736 1653 3800 quae
1717 3736 1985 3798 genera,
2052 3717 2389 3783 auditionis
2450 3714 2735 3798 public'ae

310 3842 471 3907 quae
526 3825 810 3906 praemia
852 3861 931 3872 —-
974 3825 1243 3908 Kayseri
1299 3825 1533 3907 judicio
1581 3861 1655 3872 -
1714 3842 1836 3889 non
1891 3823 2074 3889 facile
2134 3823 2386 3888 aliunde
2442 3820 2736 3889 didiceris

310 3931 578 4012 plenius.
1276 4006 1287 4013 „

477 4035 550 4119 d)
592 4036 681 4104 Ut
744 4037 1073 4120 utriusque
1138 4037 1452 4103 exercitus
1523 4037 1871 4118 principes,
1942 4036 2049 4118 qui
2118 4035 2267 4101 olim
2336 4034 2418 4099 ad
2482 4034 2733 4118 Trojam

310 4149 665 4225 pugnantes
723 4144 915 4210 laude
978 4144 1232 4210 virtutis
1295 4152 1559 4225 praeter
1619 4148 1867 4209 ceteros
1930 4142 2241 4208 florebant
2304 4139 2451 4206 belli
2515 4140 2734 4221 sociOS,

313 4266 472 4314 novo
511 4248 848 4330 splendore
901 4249 1323 4329 illustrentur,
1384 4270 1458 4316 eo
1505 4247 1982 4328 „Heroicus'⁴
2027 4247 2135 4330 qui
2177 4246 2409 4312 dicitur
2449 4282 2527 4294 -—
2568 4246 2732 4312 liber

312 4359 376 4425 in
417 4358 648 4440 dialogi
689 4357 954 4425 formam
1016 4361 1314 4426 redactus
1360 4397 1435 4405 -—
1480 4364 1748 4441 spectat.
1835 4358 2044 4439 Atque
2099 4355 2324 4421 heroes
2375 4352 2598 4436 quales
2639 4351 2737 4417 fu-

316 4463 484 4531 erint
522 4464 671 4533 belli
714 4465 986 4550 Trojani‚
1037 4466 1133 4533 ita
1188 4466 1273 4532 ibi
1326 4466 1679 4549 exponitur,
1739 4469 1813 4531 ut
1855 4462 2168 4544 sophistes
2211 4458 2470 4527 Homeri
2513 4477 2732 4526 narra·
