3109 5142
1444 402 1854 466 ...32-

753 579 1313 662 Gymnasticus

504 687 622 750 271
673 689 808 769 (19)
875 692 989 752 καὶ
1045 690 1433 777 ξυγχωρεῖ)
1487 692 1593 780 τῷ

423 789 633 882 λόνφ

504 1009 621 1072 271
653 1006 814 1090 (25),
857 1010 981 1073 282
1003 1009 1138 1090 (22)
1177 1015 1290 1074 καὶ
1322 1005 1412 1078 οὗ
1442 1010 1590 1098 χρὴ

421 1112 902 1199 θαυμάζειν

502 1330 620 1392 271
669 1328 806 1410 (29)
889 1323 1368 1416 ἀρθήσεται
1424 1323 1590 1396 ἆπὸ

417 1459 493 1500 τ’
523 1459 553 1511 ς
595 1459 736 1520 7ης

423 1606 429 1615 ’
501 1648 627 1712 264
658 1648 812 1729 (28),
855 1650 979 1712 273
1012 1647 1108 1731 (7)
1155 1648 1293 1716 τὸν
1334 1648 1590 1734 νόμον

421 1751 562 1821 τὸν
599 1749 744 1820 ἐπὶ
787 1762 965 1831 τοῖς
1195 1762 1590 1841 κείμενον

503 1969 627 2031 275
667 1966 761 2048 (4)
848 1965 923 2032 τὸ
994 1964 1422 2054 ἐρρῶσθαι
1500 1970 1588 2037 τὸ

420 2094 838 2158 σωμα...

501 2287 621 2350 277
648 2284 783 2369 (21)
829 2281 1179 2372 εὗμήκης
1242 2288 1395 2367 τοὺς
1445 2291 1582 2356 ὁά-

418 2390 758 2468 κτύλους

512 2607 636 2670 282
725 2604 861 2689 (30)
988 2604 1197 2671 κατὰ
1324 2604 1585 2677 ταῦτοὶ

415 2719 596 2788 τοῖς
641 2761 655 2776 .
706 2759 723 2777 .
772 2764 785 2778 .

497 2926 621 2988 283
657 2884 801 3007 ’(21)
861 2918 1259 3009 ἀκέραιός
1317 2949 1389 2992 τε
1443 2932 1584 2992 καὶ

416 3023 713 3116 ἄτρωτοςλ

495 3222 620 3285 283
664 3220 800 3303 (16)
843 3216 941 3296 ὥς
985 3216 1138 3302 ἐγώ·
1187 3228 1339 3287 τῶν
1382 3271 1396 3288 .
1442 3270 1455 3285 .
1503 3272 1515 3286 .
1565 3270 1580 3286 .

416 3349 711 3410 ῃκουον

495 3516 622 3579 284
662 3515 754 3598 (3)
830 3509 906 3590 ἐξ
961 3511 1387 3603 ἀκηράτου
1445 3522 1584 3581 καὶ

414 3626 800 3703 καθαρᾶς
843 3618 996 3706 ὕλης

497 3812 619 3873 284
661 3811 797 3888 (19)
877 3818 1138 3913 ταῦτα
1213 3807 1582 3896 εἰρήσθω

413 3940 554 4000 μοι
598 3914 674 3981 cf.
718 3917 842 3980 286
885 3918 1041 3998 (17),
1084 3919 1205 3983 287
1251 3916 1344 3998 (6)

491 4106 619 4168 284
654 4102 756 4186 (8)
822 4100 1241 4186 εὖάνωγοί
1300 4128 1386 4170 τε
1441 4108 1585 4168 καὶ

412 4205 748 4294 εὗῆνιοι

492 4400 617 4476 284
658 4399 796 4484 (31)
838 4395 982 4466 ἐπὶ
1025 4399 1242 4465 πολὺ
1284 4408 1399 4484 τῆς
1443 4404 1581 4464 θα-

410 4501 650 4587 λάττης

1627 584 1695 645 et.
1955 579 2124 645 vita
2166 578 2608 661 Apollonii:

1775 691 1856 753 97
1899 688 2071 771 (14),
2163 691 2282 754 135
2325 686 2419 770 (1)
2502 683 2629 769 ἐγώ
2716 659 2873 753 δὀὔ

1693 797 2071 882 ξυνκωρῶ
2116 794 2219 884 τῷ
2264 791 2473 883 λόνφ

1774 958 1895 1074 117
1940 1008 2079 1089 (16)
2166 1001 2257 1072 οὗ
2320 1003 2467 1091 χρῆ
2534 1005 2861 1092 θαυμά-

1691 1118 1863 1194 ζειν

1771 1330 1897 1394 224
1938 1326 2055 1410 (1),
2123 1330 2247 1394 348
2288 1327 2424 1410 (12)
2470 1329 2863 1416 αἴρονται

1691 1429 1854 1501 ἆπὸ
1897 1441 2031 1522 τῆς
2073 1440 2215 1519 γῆς

1774 1651 1895 1716 108
1927 1651 2039 1730 (6),
2082 1651 2203 1715 261
2238 1648 2374 1734 (12)
2421 1650 2558 1714 τὸν
2600 1646 2860 1730 νόμον

1689 1752 1822 1820 τὸν
1865 1750 2018 1821 ἐπὶ
2060 1764 2235 1832 τοῖς
2459 1760 2860 1840 κείμενον

1771 1969 1851 2033 69
1896 1968 2033 2051 (15)
2106 1973 2219 2033 καὶ
2276 1966 2407 2054 γάρ
2472 1969 2557 2033 τὸ
2620 1975 2855 2052 σῶμα

1688 2072 2006 2163 ἔρρωτο

1770 2289 2006 2371 77(10)
2051 2285 2462 2353 δάκτυλοί
2499 2312 2572 2354 τε
2615 2285 2853 2373 edm}-
2941 2345 2953 2353 .

1686 2418 1856 2470 κεις

1768 2606 1892 2670 210
1934 2606 2069 2690 (20)
2114 2605 2322 2671 κατοὶ
2369 2603 2625 2675 ταῦτα
2671 2615 2878 2706 τοῖς·

1689 2762 1704 2778 .
1748 2763 1762 2777 .
1810 2760 1823 2776 .
1864 2711 1939 2778 cf.
1986 2713 2108 2779 306
2150 2713 2287 2795 (19)

1765 2926 1883 2989 341
1932 2924 2068 3008 (20)
2128 2920 2537 3011 ἀκέραιος
2581 2920 2671 2992 ὢν
2714 2930 2853 2991 καὶ

1682 3026 1911 3115 ἄρτιος

1766 3222 1902 3286 169·
1931 3219 2027 3304 (1)
2096 3214 2204 3295 ὥς
2245 3223 2368 3320 μὲν
2411 3216 2563 3303 ἐγώ
2611 3222 2850 3288 Τελε-

1682 3330 1924 3391 σίνου
1969 3321 2257 3412 ἤκουον

1764 3518 1843 3581 47
1880 3518 1973 3595 (6)
2045 3519 2225 3604 ψυχὴ
2298 3514 2647 3600 καθαρὰ
2710 3520 2853 3580 καὶ

1683 3614 2106 3707 ἀκήρατος

1764 3811 1886 3875 303
1930 3810 2068 3894 (30)
2135 3807 2508 3895 εἰρήσθω
2574 3809 2651 3875 δέ
2707 3834 2856 3894 μοι

1682 3914 1950 3980 ταῦτα
1995 3964 2011 3980 .
2060 3965 2075 3980 .
2125 3964 2141 3980 .

1769 4107 1887 4169 112
1930 4105 2067 4186 (22)
2139 4099 2480 4189 εὐήνιον
2557 4104 2635 4169 δὲ
2706 4153 2721 4168 .
2769 4153 2785 4168 .
2833 4153 2852 4169 .

1749 4206 2467 4292 ..καὶεῦάγωγον

1764 4400 1849 4464 90
1883 4399 1978 4483 (5)
2021 4394 2170 4485 ἐπὶ
2213 4397 2426 4466 πολὺ
2471 4405 2588 4464 τοῦ
2632 4398 2850 4464 πελά-

1569 4565 1575 4570 .
1682 4528 1842 4586 γους
