3109 5142
1424 382 1835 447 ..23-

600 552 829 623 Vitae
873 554 1417 638 sophistarum
1615 563 1683 625 et
2071 558 2505 625 Hernicus:

519 662 600 727 82
641 665 775 743 (31)
816 663 1154 752 λαμπρᾷ
1198 672 1284 756 τῇ
1328 671 1546 755 φωνῇ
1792 668 1911 730 174
1950 663 2045 748 (8)
2087 666 2434 753 λαμπρᾷ
2479 664 2563 755 τῇ
2614 674 2833 754 φωνῇ

521 878 602 939 84
643 874 780 959 (29)
836 871 1075 951 ἔδοξε
1114 874 1205 941 δὲ
1256 880 1370 941 καὶ
1427 900 1599 961 μει-
1787 878 1907 941 178
1950 876 2091 959 (24)
2162 877 2726 965 μειρακιώδης
2778 877 2873 943 δὲ

441 981 838 1069 ρακιώδης
1707 1030 1722 1046 .
1770 1032 1783 1046 .
1831 1031 1844 1046 .
1890 1035 1903 1048 .
1953 981 2206 1059 δόξας

521 1195 602 1258 85
644 1192 739 1277 (4)
805 1192 1052 1276 λόγου
1118 1195 1195 1261 δὲ
1260 1189 1606 1280 ἥκοντος
1793 1197 1911 1260 156
1952 1195 2094 1280 (27)
2176 1195 2434 1278 λόγου
2489 1191 2575 1272 ἐς
2626 1192 2871 1273 αὐτοὺς

437 1295 519 1376 3«,-
559 1298 712 1376 τούς
755 1348 770 1366 .
817 1348 833 1366 .
880 1348 896 1365 .
944 1349 960 1366 .
1706 1299 2059 1387 ἥκοντος

521 1518 599 1580 87
644 1511 740 1598 (3)
783 1506 1081 1587 ἐξελών
1121 1521 1239 1579 τοῦ
1287 1511 1537 1596 λόγου
1782 1517 1904 1579 161
1960 1516 2053 1597 (3)
2135 1510 2492 1603 ἐξαιρεῖν
2564 1512 2869 1591 ἅπαντος

1700 1619 1961 1702 λόγου

521 1814 598 1876 91
625 1809 763 1896 (27)
804 1805 1604 1895 ὅθενδιέκειντοπρὸς
1784 1812 1904 1874 167
1950 1809 2045 1894 (4)
2115 1808 2535 1876 διέκειντο
2594 1808 2721 1894 γάρ
2766 1802 2867 1883 ὥς

439 1912 645 1985 αὖτὸν
753 1909 860 1992 ὥς
963 1913 1168 2007 πρὸς
1277 1919 1603 2002 πατέρα
1703 1915 2009 1991 παῖδες
2053 1914 2258 2004 πρὸς
2300 1921 2627 2004 πατέρα

440 2022 743 2099 παῖδες

522 2214 599 2277 91
645 2209 782 2294 (31)
863 2204 1071 2276 ὁπότε
1138 2207 1605 2297 ἕςμνημην
1787 2215 1903 2277 161
1973 2212 2068 2296 (6)
2156 2197 2308 2277 οὔτε
2390 2206 2472 2286 ἐς
2553 2189 2871 2295 μνήμην

440 2325 586 2383 τοῦ
668 2311 914 2403 ἆνδρὸς
996 2315 1296 2382 τούτου
1365 2322 1601 2383 καθί-
1702 2322 2044 2403 κατέστη
2088 2326 2227 2385 τοῦ
2284 2315 2821 2404 ἔργοντούτου

441 2445 788 2490 σταιντο

519 2615 602 2678 92
645 2612 781 2696 (12)
851 2606 1299 2700 ἐκαρτέρει
1359 2612 1454 2677 τὰ
1518 2609 1605 2689 ἐξ
1788 2613 2066 2698 152(24)
2107 2611 2740 2700 καρτερήσαντα
2770 2611 2867 2676 τοὶ
3085 2626 3086 2693 1

438 2713 646 2785 αὐτοῦ
1703 2716 1740 2786 ἐ
1754 2745 1790 2784 κ
1831 2728 1961 2785 τῶν
2004 2724 2343 2804 ποιμένων

524 2933 643 2999 106
706 2931 803 3017 (5)
889 2929 1269 3018 δραχμάς
1348 2955 1601 2996 κατα·
1790 2934 1909 2999 129
1960 2933 2057 3015 (3)
2181 2929 2675 3015 καταβαλών
2754 2952 2871 2998 σοι

438 3037 786 3124 βαλόντι
831 3032 984 3122 ἐξῆν
1707 3035 2084 3127 δραχμίν

526 3254 646 3316 115
687 3251 825 3335 (12)
914 3230 998 3335 μη
1047 3248 1414 3336 δεύτερα
1460 3298 1475 3313 .
1524 3302 1536 3315 .
1589 3298 1605 3313 .
1787 3252 1908 3318 207
1951 3249 2091 3334 (14)
2204 3249 2427 3316 πάντα
2516 3246 2883 3336 δεύτερα

440 3353 803 3443 ἡγείσθω
861 3382 983 3433 τις
1709 3353 2167 3444 ἡγούμενος

528 3571 648 3633 118
712 3569 804 3652 (8)
888 3524 1257 3656 φαιδρόν
1326 3593 1397 3634 τε
1467 3572 1609 3633 καὶ
1795 3573 1912 3635 151
1959 3571 2096 3649 (27)
2140 3568 2474 3635 δοκεῖκαὶ
2516 3568 2889 3658 φαιδρὰν

442 3672 744 3759 γοργὸν
786 3675 1055 3758 βλέπων
1711 3681 1848 3741 καὶ
1890 3672 2196 3764 γοργόν

610 3856 774 3935 Quid
814 3875 971 3939 opus
1011 3859 1240 3939 plura?
1281 3861 1681 3944 attingantur
1717 3862 1852 3943 Jam
1893 3857 2170 3924 breviter

649 3982 693 4006 “⁵-

613 3982 649 4046 ³.-
681 3990 841 4049 [tae
882 3983 1432 4065 sophistarum
1623 3993 1690 4053 et
1898 3983 2304 4064 Imagines
2345 3981 2685 4063 priores:

533 4098 565 4150 Τ
621 4090 755 4170 [14)
842 4093 955 4154 καὶ
1040 4089 1345 4177 ἱστορίαν
1425 4115 1607 4176 συγ·
1795 4094 1917 4157 353
1962 4091 2098 4174 (15)
2180 4086 2704 4175 συγγράφειν
2752 4090 2888 4173 μὲν

449 4198 806 4278 γράφειν
851 4193 1130 4273 ἱκανὸς
1174 4193 1254 4284 ἦν
1711 4193 1832 4281 οὗχ
1876 4194 2169 4272 ἱκανός

529 4386 609 4446 :ffi
653 4384 747 4470 (1)
833 4387 1043 4453 πλείω
1086 4390 1209 4471 μὲν
1251 4382 1611 4474 ἆφεῒναι
1794 4389 1912 4456 311
1961 4361 2097 4470 (13)
2164 4383 2474 4473 δάκρυά
2524 4409 2597 4452 τε
2638 4380 2879 4474 ἆφιέ-

453 4542 461 4554 .
515 4542 525 4554 .
577 4542 589 4554 ᾖ
641 4542 649 4554 .
701 4490 1020 4580 δάκρυα
1713 4519 1871 4562 ναι.
