3109 5142
1232 388 1647 460 ...ῃ-1

526 568 710 638 Vita
752 570 1168 653 Apollonii

319 680 398 744 10
438 680 574 760 (31)
618 677 863 753 κακὸς
906 677 1001 743 τοὶ
1039 674 1390 762 ἐρωτικά

325 976 406 1047 14
447 975 539 1065 (1)
610 974 695 1041 τό
749 1001 854 1044 τοι
897 975 1408 1061 μνημονικὸν

301 1129 317 1145 .
362 1129 377 1145 .
427 1087 562 1146 καὶ
606 1078 815 1166 ὓπὲρ
861 1081 1002 1148 τὸν
1045 1087 1401 1166 ΣιμωνίἿ

236 1152 388 1271 δην
431 1186 739 1275 ἔρρωτο

332 1378 408 1440 18
431 1377 589 1457 (18),
631 1380 711 1440 47
739 1376 899 1460 (13),
944 1377 1068 1441 330
1088 1375 1182 1459 (7)
1213 1401 1251 1457 y
1270 1372 1405 1440 όνυ

236 1476 545 1566 οὖδαμοῦ
580 1507 617 1546 κ
636 1478 738 1565 ἀμ
755 1493 868 1570 ψα
889 1500 935 1545 ο·
950 1506 994 1544 α
1014 1506 1038 1546 ι
1073 1478 1408 1566 (κάμηλοι)

327 1675 406 1737 18
464 1673 600 1758 (18)
704 1669 1238 1762 ἐπέστρεψεν
1320 1670 1400 1750 ἐς

235 1801 545 1845 εαυτον

326 1972 583 2053 71(26)
649 1969 735 2036 τὸ
779 1968 862 2046 ἐς
907 1976 1235 2056 πατέρα
1277 1977 1391 2037 καὶ

239 2080 493 2160 μητέρα
537 2071 733 2161 ἧκον
1276 2074 1281 2079 ’

329 2240 409 2330 ’13
453 2266 608 2348 (2ο),
652 2268 733 2331 99
777 2266 913 2349 (13)
961 2261 1096 2332 ὅτε
1141 2266 1230 2352 δὴ
1274 2272 1412 2333 καὶ

239 2366 654 2438 ἐτελεύτα

326 2563 408 2626 99
492 2560 627 2643 (13)
725 2558 992 2649 ἄνδρα
1078 2557 1405 2644 ἆγαθὸν

241 2672 730 2753 φαίνεσθαι

338 2858 454 2921 125
501 2857 658 2942 (22),
707 2860 827 2923 149
867 2859 1002 2939 (20)
1066 2854 1232 2923 ἆπὸ
1273 2867 1410 2944 τῆς

245 2962 655 3050 κρηπῖδος
691 2968 836 3030 τοῦ·
880 2963 1029 3030 νεώ
1076 3013 1408 3030 ......

249 3070 666 3156 διελέχθη.

336 3245 455 3309 139
499 3245 653 3327 (11),
703 3246 815 3310 161
865 3245 1000 3329 (22)
1046 3243 1109 3309 οῖ
1158 3268 1411 3331 παρα-

250 3348 654 3433 τυχόντες
698 3357 800 3439 τῷ
843 3350 1050 3440 λόγῳ

338 3542 459 3604 152
500 3539 595 3622 (3)
723 3533 882 3605 ὦδε
965 3535 1410 3626 ἕβραχυλό-

253 3666 452 3732 γησε

343 3836 464 3900 160
502 3823 638 3916 (26)
750 3832 1219 3919 γυμνάσιον
1271 3817 1424 3915 Δμὲν

255 3940 722 4026 ἕξεποιίθη

340 4118 464 4181 188
492 4116 586 4198 (7)
628 4111 717 4182 ἐκ
759 4123 882 4181 σοῦ
928 4121 1244 4199 πεῖσμα
1288 4110 1417 4195 ἐγώ

258 4220 675 4307 βάλλομαι

347 4405 467 4469 190
514 4402 650 4483 (20)
734 4404 847 4466 καὶ
928 4398 1069 4484 τὴν
1150 4396 1424 4483 φωνὴν

257 4504 620 4596 ἐπάρας,
680 4508 843 4596 παρ’
887 4503 921 4574 ὃ
964 4505 1259 4573 εἰώθει

1420 577 1487 638 et

1654 571 1872 637 vitae
1916 569 2489 652 sophistarumz·

1583 681 1704 802 102
1745 679 1895 783 '(19)
1977 685 2195 767 κακῷ
2276 677 2371 743 τοὶ
2455 675 2664 762 ἐρω-

1498 810 1685 850 τίκα

1594 978 1669 1041 13
1698 977 1857 1059 (27),
1909 977 2027 1042 106
2057 975 2191 1059 (16)
2236 972 2325 1040 τὸ
2369 975 2446 1039 δὲ
2484 998 2666 1060 μνη-

1503 1081 1854 1168 μονικὸν
1901 1134 1913 1147 .
1966 1135 1979 1148 .
2027 1131 2039 1144 .
2083 1085 2223 1147 καὶ
2265 1075 2482 1163 ὑπὲρ
2523 1079 2669 1146 τὸν

1502 1188 1968 1270 Σιμωνίδην
2010 1186 2309 1275 ἔρρωτο

1591 1380 1669 1442 77
1716 1375 1853 1459 (32)
1899 1372 2101 1450 γόνυ
2142 1374 2608 1463 κάμψωμεν

1582 1678 1663 1741 93
1711 1675 1846 1760 (18)
1966 1671 2048 1753 ἒς
2130 1671 2430 1740 ἑαυτὸν
2516 1668 2666 1741 ἕπ-

1505 1783 1922 1867 έστρεψεν

1599 1972 1681 2034 98
1760 1967 1898 2055 (12)
2007 1968 2091 2034 τὰ
2177 1966 2259 2044 ἒς
2345 1942 2669 2057 πατέρα

1507 2070 1719 2160 ἧκον.

1595 2269 1675 2330 82
1718 2267 1827 2347 (9),
1892 2267 1973 2330 93
2017 2264 2153 2350 (32)
2222 2260 2356 2330 ὅτε
2399 2262 2491 2350 δὴ
2534 2244 2672 2329 κάῑ

1509 2368 1933 2438 ἐτελεύτα.

1592 2566 1670 2627 14
1761 2562 1856 2645 (6)
1969 2556 2238 2644 ἄνδρα
2338 2555 2674 2641 ἆγαθὸν

1510 2671 2035 2754 φαίνεσθαι’

1593 2861 1676 2922 44
1719 2858 1855 2942 (24)
1909 2860 2023 2922 καὶ
2079 2849 2250 2919 ἀπὸ
2305 2855 2442 2938 τῆς
2494 2877 2670 2939 κρη-

1513 2965 1774 3041 πῖδος
1837 2964 1980 3029 τοῦ
2037 2961 2199 3028 νεώ
2251 2960 2672 3044 διελέχθη.

1597 3244 1676 3306 16
1717 3240 1876 3323 (31)·
1920 3233 2422 3325 παρατυχών
2466 3283 2481 3298 .
2531 3282 2546 3299 .
2594 3282 2608 3298 .
2658 3283 2672 3300 .

1512 3347 1860 3437 τῷλόγῳ
1914 3400 1928 3415 .
1975 3396 1990 3413 .
2036 3397 2049 3411 .

1597 3540 1677 3602 27
1726 3536 1881 3618 (13),
1925 3537 2006 3598 55
2051 3532 2165 3616 (8),
2214 3534 2289 3597 81
2341 3531 2476 3616 (25)
2518 3523 2680 3593 ὦδε

1516 3637 2152 3729 ἕβραχυλόγησε

1604 3833 1685 3896 43
1728 3830 1821 3912 (9)
1867 3826 2331 3912 ἐξεποιήθη
2389 3829 2503 3890 καὶ
2562 3848 2682 3906 yv-

1521 3956 1894 4022 μνασιον

1598 4115 1638 4177 6
1682 4113 1779 4195 (8)
1824 4118 2144 4193 πεῖσμα
2180 4157 2195 4172 .
2243 4156 2258 4171 .
2306 4155 2321 4172 .
2366 4101 2455 4181 ἕξ
2486 4099 2682 4167 Ἀκα-

1525 4219 1765 4304 δημίας
1803 4213 2226 4301 ἐβέβλητο.

1606 4400 1696 4465 41,
1736 4397 1871 4479 (26)
1934 4390 2263 4476 ἐπάρας
2327 4388 2470 4477 τὴν
2531 4411 2685 4473 φω-

1529 4501 1712 4588 νήν,
1754 4499 1983 4589 ὥσπερ
2029 4497 2353 4577 εἰώθει.
