3109 5142
1265 388 1674 453 ...2⁹1-

503 564 694 632 Vita
736 565 1142 649 Apollonii
1421 572 1489 631 et

336 671 462 735 324
505 672 600 755 (9)
670 670 752 741 εἴ
823 672 900 738 δὲ
963 672 1063 759 μὴ
1128 681 1418 759 σαφῶς

249 799 331 840 τι
380 824 396 840 .
443 825 457 841 .
507 825 522 841 .
566 778 978 864 φράζοιμι
1105 853 1110 859 ,

1695 564 2097 646 Imagines
2137 562 2480 648 priores:

1600 673 1865 753 296(4)
1938 673 2019 738 εἴ
2081 698 2156 738 τι
2225 671 2330 757 μὴ
2400 681 2689 760 σαφῶς

1522 777 1953 867 φράζοιμι.

419 959 509 1025 Ut
537 960 671 1041 jam
712 959 869 1025 haec
913 957 1251 1042 absolvam,
1295 958 1646 1047 afferantur

420 1083 649 1148 Vitae
689 1082 1240 1165 sophistarum

339 1192 421 1259 13
476 1190 574 1272 (3)
651 1188 820 1258 κατὰ
893 1189 1037 1275 τὴν
1103 1191 1418 1274 Ξέρξου

248 1293 400 1362 ἐπὶ
441 1291 970 1378 τὴνἙλλάδα
1017 1292 1315 1367 ἔλασιν

341 1488 420 1551 14
504 1487 597 1569 (6)
704 1480 1262 1563 ὓποτίθεται,
1371 1479 1417 1548 ἃ

248 1616 400 1677 χρη
446 1639 461 1656 .
509 1640 525 1656 .
573 1640 588 1657 .

335 1780 415 1849 16
457 1781 594 1865 (31)
703 1777 1214 1867 παρατυχών
1317 1786 1419 1869 τῷ

247 1887 457 1977 λόγῳ

336 2077 420 2139 26
462 2076 556 2157 (l)
602 2076 811 2141 πλείω
869 2077 1016 2159 μὲν
1072 2069 1418 2163 ἆφεῖναι

253 2229 270 2245 .
316 2230 335 2247 .
384 2229 400 2246 .
448 2178 762 2262 δάκρυα

335 2371 419 2435 30
440 2370 536 2452 (2)
579 2375 1015 2435 συνετίθει
1044 2417 1059 2435 .
1086 2418 1102 2433 .
1131 2417 1146 2434 .
1172 2368 1422 2451 λόγον

335 2560 419 2624 46
460 2558 596 2645 (24)
663 2554 753 2626 οὗ
810 2566 1094 2644 χεῖρον
1154 2558 1247 2627 δὲ
1310 2563 1423 2623 καὶ

256 2713 271 2729 .
320 2714 336 2728 .
384 2713 398 2730 .
446 2664 742 2750 δηλῶσαι

337 2833 419 2895 48
450 2833 610 2915 (19),
655 2834 735 2897 78
764 2833 918 2912 (22),
966 2833 1085 2897 119
1114 2785 1209 2916 (3)
1246 2827 1290 2896 α’
1310 2855 1425 2897 νε-

255 2934 579 3023 πὴδησε
622 2939 770 3002 τοῦ
811 2936 1131 3021 θρόνου

336 3104 420 3166 52
458 3103 593 3183 (23)
657 3098 694 3188 ἡ
756 3103 834 3168 δὲ
891 3101 1042 3169 ἰδέα
1089 3153 1105 3168 .
1156 3153 1171 3168 .

252 3209 352 3293 μὴ
396 3214 534 3273 καὶ
579 3207 1035 3292 ἐναγώνιος

338 3376 419 3439 55
476 3376 614 3458 (24)
697 3371 1010 3460 ἄριστα
1096 3375 1184 3441 δὲ
1269 3371 1418 3443 ἄν·

253 3478 619 3566 θρώπων

337 3647 420 3712 59
461 3646 598 3729 (10)
641 3644 728 3711 τὸ
770 3642 918 3713 ἐπὶ
969 3646 1295 3737 θάτερα

1228 3110 1422 3193 θερ-

336 3920 412 3986 61
462 3919 556 4004 (9)
619 3914 994 4005 ἕνῆφθαι
1057 3919 1148 3986 δὲ
1216 3915 1425 3989 αὖτόν

252 4029 367 4090 καὶ
416 4024 676 4112 δοράς

337 4193 415 4255 61
462 4192 602 4276 (30)
661 4191 804 4279 τήν
846 4193 932 4258 δὲ
973 4195 1275 4273 γλῶτταν
1319 4242 1417 4259 ...

256 4305 432 4373 πῶς
500 4292 1033 4383 ἐπαιδεύθης
1076 4349 1092 4364 .
1142 4348 1158 4364 .
1206 4327 1256 4379 .,·
1332 4294 1420 4365 οὖ
1525 4344 1540 4360 .
1589 4345 1605 4360 .
1651 4344 1666 4359 .

254 4400 401 4489 γάρ
454 4426 595 4490 μοι
659 4413 817 4470 τῶν
879 4400 1424 4472 ἀπαιδεύτων

253 4513 526 4601 φαίνῃ.

1430 1089 1562 1157 et..

1891 1082 2310 1150 Hernicus:

1596 1192 1720 1259 209
1762 1191 1900 1273 (24)
1954 1184 1992 1275 ἦ
2035 1190 2346 1276 Ξέρξου
2390 1189 2689 1269 ἔλασις

1515 1294 1655 1362 ἐπὶ
1699 1294 1841 1381 τὴν
1872 1291 2227 1361 Ἑλλάδα

1603 1487 1723 1553 180
1750 1484 1885 1566 (10)
1929 1480 2559 1576 ὓποτιθεμένῳ,
2600 1483 2687 1564 ὥς

1513 1588 1715 1676 χρί.
1764 1639 1779 1654 .
1828 1638 1843 1654 .

1603 1780 1725 1847 194
1766 1780 1861 1861 (6)
1947 1735 2471 1867 παρατυχεῖν
2512 1758 2558 1848 ’.
2604 1829 2621 1848 .
2667 1829 2683 1848 .

1516 1892 1614 1973 τῷ
1659 1882 1867 1977 λόγῳ

1601 2072 1722 2162 182
1763 2071 1901 2155 (13)
1944 2072 2162 2140 πολλά
2194 2077 2339 2159 μὲν
2368 2073 2684 2160 δάκρυα

1517 2172 1833 2263 ἀφῆκεν

1605 2367 1883 2452 180(26)
1914 2374 2351 2437 συνετίθει
2385 2372 2418 2439 λ
2440 2369 2686 2453 όγους

1542 2556 1922 2679 Ἰ191(21)
2050 2553 2138 2624 οὗ
2223 2566 2512 2648 χεῖρον
2597 2560 2686 2628 δὲ

1521 2671 1813 2729 ακοῦσαι

1611 2830 1728 2893 163
1758 2827 1853 2911 (1)
1899 2823 2374 2915 ἀνεπήδησε
2415 2883 2432 2899 .

1521 2932 1830 3019 θρόνου

2481 2880 2497 2897 .
2539 2840 2688 2899 τοῦ

1611 3103 1730 3166 152
1778 3100 1872 3184 (1)
1946 3099 2271 3186 θερμὸν
2321 3099 2493 3168 οὕτω
2554 3107 2687 3170 καὶ

1522 3201 1986 3288 ἐναγώνιον
2027 3212 2325 3289 γίγνεται

1608 3377 1723 3438 171
1760 3375 1856 3456 (4)
1899 3369 2204 3460 ἄριστα
2248 3375 2339 3439 δὲ
2376 3371 2687 3462 ἆνθροὶ-

1519 3502 1694 3544 πων

1539 3705 1545 3710 ,
1610 3647 1726 3709 199
1772 3643 1909 3729 (18)
1977 3641 2062 3710 ἐκ
2125 3656 2271 3719 τοῦ
2334 3643 2475 3718 ἐπὶ
2530 3647 2685 3720 θά-

1523 3774 1721 3839 τερα

1608 3919 1730 3982 192
1779 3918 1915 4001 (10)
2004 3917 2260 4007 δοράς
2343 3918 2435 3986 δὲ
2480 3968 2495 3984 .
2543 3969 2559 3984 .
2603 3968 2618 3985 .
2669 3969 2684 3986 .

1498 4018 1822 4088 ’ἕνῐπτο

1608 4191 1728 4253 132
1770 4190 1909 4273 (21)
1955 4186 2100 4273 τήν
2142 4190 2229 4262 δὲ
2271 4190 2497 4277 φωμρν
2541 4241 2557 4255 .
2601 4241 2618 4257 .
2667 4242 2682 4257 .

1712 4303 1876 4371 πῶς
1940 4291 2511 4383 ἐπαιδεύθης
2604 4292 2683 4365 οὗ

1522 4404 1674 4489 γάρ
1734 4427 1879 4489 μοι
1939 4410 2092 4471 τῶν
2147 4399 2689 4475 ἇπαιδεύτων

1522 4515 1792 4601 φαίνῃ.
