3109 5142
1297 380 1709 446 „53-

454 556 530 627 C.
618 562 832 639 Quae
877 564 1129 629 omnia
1164 564 1321 645 jam
1366 565 1590 630 brevi
1631 565 1710 629 in
1753 572 2196 646 conspectu
2238 585 2559 647 ponam:

386 692 567 747 Natus
605 699 824 748 aetate=
2251 697 2514 766 Scripsit:

1397 768 1577 822 Verus

296 872 524 927 Neronis
1188 875 1696 928 Philostratus
1736 856 1778 927 Ϊ.
2040 875 2307 932 Neronem

1375 979 1561 1049 [Filia]
1582 981 1609 1033 ἱ)

297 1088 469 1142 Marci
509 1088 721 1143 Aurelii
770 1088 927 1142 circi·
1052 1084 1198 1140 Filia
1440 1087 1637 1140 Philo
1653 1103 1677 1139 s
1692 1097 1714 1139 t
1729 1101 1755 1139 r
1772 1102 1804 1139 a
1818 1095 1843 1137 t
1856 1100 1891 1139 u
1907 1101 1932 1138 s
1951 1084 2018 1138 11.
2041 1089 2232 1144 Vitam
2312 1093 2507 1160 Apoll..
2584 1093 2733 1149 vitas

357 1167 444 1214 ter
464 1176 664 1214 annum
682 1160 927 1214 CLXXI.
1131 1159 1141 1224 Ι
1752 1159 1760 1223 Ι
2111 1163 2360 1230 sophista..
2417 1166 2733 1234 Gymnasti·

1133 1231 1141 1296 Ι
1750 1229 1759 1293 Ι
2114 1250 2233 1288 cum
2275 1235 2569 1305 (epistulas
2584 1240 2633 1305 Ρ)

993 1334 1306 1390 Nervianus
1491 1335 1633 1389 Filia
1675 1334 1717 1388 1.
1761 1334 1903 1388 Filia
1943 1334 2018 1386 Il.

301 1446 575 1501 Commodi
661 1447 790 1501 circ.
876 1465 924 1501 a.
947 1454 1004 1507 ΙΡ
1016 1453 1080 1507 hi
1093 1452 1153 1505 lo
1167 1467 1192 1502 s
1204 1459 1229 1503 t
1240 1468 1267 1505 r
1282 1469 1314 1506 a
1325 1461 1400 1505 tu
1414 1468 1439 1504 s
1457 1450 1551 1504 Ill.
1835 1439 1855 1516 Ῑ
2041 1447 2337 1503 Hernicum
2355 1489 2368 1511 ‚
2452 1448 2736 1519 Imagines

370 1518 551 1573 CXCI.
1110 1520 1843 1622 ——ss—-·⁴
2112 1519 2321 1588 priores

1408 1628 1555 1683 Filia

299 1731 606 1787 Alexandri
704 1733 892 1789 Severi
1165 1734 1209 1789 P
1225 1739 1258 1789 h
1273 1736 1292 1789 i
1311 1736 1329 1789 l
1347 1753 1378 1789 o
1394 1751 1420 1790 s
1435 1745 1459 1789 t
1472 1750 1500 1788 r
1514 1751 1546 1789 a
1561 1743 1588 1788 t
1602 1753 1635 1789 u
1651 1752 1677 1788 s
1715 1734 1812 1789 IV.
2042 1732 2325 1803 Imagines
2376 1718 2749 1802 posteriores(

370 1804 496 1858 circ.
535 1822 583 1859 a.
614 1772 953 1873 ccxxxv.!

465 1922 629 1987 Prae
673 1942 901 2004 magna
942 1924 1243 1990 orationis
1296 1923 1702 1990 similitudine
1759 1923 1879 1987 etsi
1933 1941 2053 1988 non
2098 1923 2346 1988 abunde
2390 1929 2600 1988 certas
2645 1922 2736 1987 di-

300 2027 480 2091 cendi
524 2027 696 2110 leges
739 2028 968 2095 afferre
1011 2031 1206 2111 potui,
1251 2028 1417 2094 unde
1464 2029 1758 2094 differant
1798 2029 1966 2093 inter
2009 2046 2078 2093 se
2117 2028 2501 2109 singulorum
2530 2030 2737 2111 sophi·

301 2138 542 2197 starum
586 2152 797 2215 opera,
868 2139 1076 2201 tamen
1123 2135 1419 2201 nonnulla
1460 2173 1542 2184 —-
1585 2153 1746 2216 quae
1789 2153 1983 2215 supra
2023 2134 2212 2199 attuli
2254 2170 2336 2181 —
2380 2137 2737 2217 repperisse

301 2238 451 2303 mihi
487 2239 703 2305 videor
746 2247 1140 2322 argumenta,
1212 2242 1435 2323 quibus
1488 2242 1550 2306 in
1612 2260 1803 2306 unum
1861 2241 2092 2307 coactis
2152 2242 2331 2306 nixus
2376 2242 2508 2322 jam
2571 2241 2738 2307 affir-

299 2363 475 2410 mare
546 2347 774 2425 possim
865 2346 1418 2428 „Gymnasticum“
1494 2346 1893 2415 ‚Philostrato
1942 2346 2020 2410 II.
2096 2363 2236 2410 esse
2312 2345 2736 2427 tribuendum,

300 2451 591 2532 scriptori
659 2451 882 2533 „Vitae
945 2453 1291 2534 Apollonii“
1363 2460 1427 2519 et
1495 2454 1809 2535 „vitarum
1864 2453 2205 2535 sophist.“;
2274 2470 2396 2516 non
2456 2451 2740 2533 ejnsdem

298 2555 636 2637 sophistae,
704 2557 817 2622 sed
877 2556 1244 2624 Philostrati
1284 2557 1397 2623 111.
1465 2576 1606 2623 esse
1665 2558 2077 2639 „‘Heroicu1n“
2132 2564 2324 2639 atque
2382 2559 2736 2641 „Imagines

296 2663 611 2744 priores“;
676 2651 1083 2730 ‘Philostrato
1125 2664 1232 2729 IV.
1297 2670 1529 2745 autem,
1595 2665 1801 2729 minus
1863 2664 2095 2729 ceteris
2168 2664 2587 2742 PhilostratiS,
2658 2671 2734 2730 ut

300 2769 570 2848 videtur,
616 2768 858 2834 dicendi
902 2770 1086 2835 laude
1131 2769 1300 2835 claro
1321 2770 1661 2851 sophistae,
1707 2788 1846 2835 esse
1889 2769 2335 2852 adjudicandas
2382 2772 2733 2854 „Imagines

300 2875 742 2957 posteriores“.

1005 3005 1459 3071 Nonnullas
1514 3006 2031 3088 conJ'ecturas

305 3111 595 3193 denique,
636 3111 701 3175 in
745 3128 901 3192 quas
945 3110 1150 3191 incidi,
1196 3112 1381 3177 velim
1422 3112 1576 3177 mihi
1604 3112 1795 3179 liceat
1822 3112 2070 3178 afferre.
2159 3117 2249 3178 Ac
2293 3114 2562 3196 primum
2606 3118 2741 3198 qui·

306 3218 449 3284 dem
478 3217 557 3282 de
588 3217 1026 3298 conjecturisa
1049 3217 1282 3285 Cobeto
1305 3219 1357 3302 ¹)
1394 3218 1458 3283 in
1507 3219 1710 3300 „vitas
1749 3219 2050 3300 sophist.“
2098 3226 2166 3285 et
2205 3220 2269 3284 in
2318 3222 2736 3303 „Heroicum“

308 3322 606 3389 exhibitis
648 3340 848 3403 pauca
891 3340 1227 3404 exponam:

473 3432 537 3511 a)
585 3428 656 3493 In
702 3428 849 3494 vitis
888 3428 1061 3510 soph.
1106 3433 1188 3495 28
1231 3431 1323 3510 (1)
1377 3431 1695 3496 invenitur
1739 3431 1841 3497 hic
1886 3431 2085 3497 locus:
2152 3433 2407 3517 »φύσει
2450 3437 2572 3517 μὲν
2613 3440 2740 3518 γάρ

310 3532 695 3622 ἐπίφθονον
738 3543 956 3619 χρῆμα
1012 3530 1391 3621 ἄνθρωποι·
1456 3535 1900 3620 διαβάλλουσι
1955 3546 2119 3618 γοῦν
2165 3587 2178 3602 .
2228 3588 2242 3603 .
2294 3545 2378 3605 .“.
2466 3540 2741 3609 Cobetus

306 3648 520 3707 ‘autem
566 3638 963 3706 scribendum
1009 3658 1147 3705 esse
1184 3640 1460 3722 judicat:
1532 3639 2033 3726 ,,ἅνθρωπος“,·
2081 3644 2366 3725 equidem
2411 3664 2741 3713 numerum

312 3746 620 3829 pluralem
660 3745 1036 3811 servandum
1081 3765 1220 3814 esse
1264 3755 1449 3829 puto;
1498 3767 1644 3813 nam
1686 3749 1751 3813 in
1794 3750 1925 3814 vita
1957 3751 2262 3830 Apollonii
2307 3751 2367 3816 hi
2404 3762 2744 3819 occurrunt

312 3854 458 3919 loci:
548 3854 667 3916 153
711 3853 848 3935 (28)
903 3858 1311 3938 »περίεργον
1353 3847 1534 3943 αῧτῷ
1575 3862 1793 3940 χρῆμα
1854 3854 1918 3920 οἱ
1975 3857 2501 3942 φιλοσοφοῦντες
2544 3857 2740 3944 ἐφαί-

313 3984 507 4026 νοντο
548 3967 660 4026 καὶ
699 3962 1020 4045 μαντικνῐν
1064 3962 1602 4041 συσκιάζοντεςζί.

473 4070 598 4133 305
638 4070 777 4151 (21)
831 4066 931 4144 οἷς
976 4069 1191 4134 πᾶσιν
1231 4066 1541 4134 ἐναντίον
1581 4077 1800 4155 χρῆμα
1847 4069 1911 4135 οἶ
1955 4069 2181 4153 γόητες
2194 4100 2214 4149 ,·
2284 4071 2402 4137 nisi
2445 4072 2609 4138 forte
2654 4073 2746 4136 di-

313 4172 495 4239 cendi
538 4175 925 4240 consuetudo
966 4176 1029 4240 in
1074 4175 1374 4242 vocabulo
1415 4173 1886 4265 ,,ἁ’νθρωπος“
1927 4178 2237 4259 postulat,
2293 4187 2367 4246 ut
2421 4178 2740 4269 »ἅνθρω-

312 4287 490 4357 πος“
532 4282 904 4362 corrigatur.

455 4493 509 4563 1)
546 4489 917 4563 Mnemosyne,
955 4507 1099 4549 nova
1137 4493 1324 4566 series,
1363 4494 1470 4552 vol.
1507 4495 1553 4552 Ι.
1590 4510 1721 4568 pag.
1762 4494 1869 4552 209
1909 4534 2140 4555 .....
