3109 5142
1266 362 1672 424 ...11-

269 532 526 613 roicum,
570 531 906 615 Imagines,
949 533 1116 599 vitas
1144 533 1594 621 sophistarum,
1640 534 1961 616 Epistulas
1990 536 2231 618 tribuit,
2275 535 2466 603 alteri
2495 524 2695 619 „Ima-

267 640 482 720 ginum
522 639 750 705 librum
791 640 1212 721 singularem“
1258 639 1594 722 adjudicat.

418 746 527 811 .Ut
568 746 857 812 omittam
902 745 982 811 de
1025 747 1136 829 eis,
1179 764 1342 828 quae

1147 874 1811 958 Boissonadius1)

268 997 503 1079 attulit,
542 998 832 1079 *pluribus
872 996 1187 1064 disserere
1240 1036 1306 1044 --
1349 999 1451 1064 hic
1496 1000 1660 1064 enim
1692 999 1788 1065 'et
1845 1000 1979 1081 ipse
2036 1001 2398 1066 existimare
2444 1001 2697 1068 videtur

267 1105 463 1170 vitam
510 1104 731 1185 Apoll.‚
776 1104 1134 1184 Heroicum,
1182 1105 1495 1186 Imagines
1557 1106 1873 1187 (priores),
1933 1106 2096 1171 vitas
2149 1106 2571 1187 sophistarum
2614 1108 2695 1173 ab

266 1228 391 1275 uno
454 1210 800 1290 eodemque
865 1208 1164 1289 sophista,
1230 1210 1617 1276 Philostrato
1663 1211 1764 1289 11.,
1833 1211 2150 1278 confectas
2213 1229 2354 1277 esse
2418 1247 2499 1259 —-
2555 1213 2689 1293 jam

266 1333 529 1397 pergam
568 1313 648 1379 ad
679 1314 1000 1396 judicium,
1039 1315 1205 1397 quod
1248 1315 1327 1380 de
1373 1316 1908 1384 Philostratorum
1950 1318 2203 1399 scriptis
2247 1316 2400 1384 fecit

1122 1445 1239 1509 Fr.
1283 1445 1716 1512 Jacobsius
1740 1449 1826 1531 2):

270 1569 486 1651 „Quod
549 1568 630 1633 ad
692 1567 993 1633 orationis
1057 1585 1256 1648 genus
1318 1568 1570 1648 attinet,
1642 1588 1757 1649 pro
1816 1588 1955 1635 meo
2008 1567 2262 1652 quidem
2305 1589 2495 1636 sensu
2537 1571 2692 1637 nihil

263 1674 546 1757 impedit,
576 1675 928 1756 quominus
980 1673 1206 1739 Suidas
1264 1693 1482 1739 verum
1542 1675 1897 1756 tradiderit,
1951 1679 2059 1758 qui
2111 1679 2225 1744 vit.
2284 1677 2483 1759 Apoll.
2509 1729 2525 1758 ‚
2579 1679 2689 1744 vit.

263 1782 462 1863 soph.‚
506 1781 724 1861 hnag„
766 1779 1029 1845 Heroic.
1065 1798 1104 1844 a
1147 1779 1532 1846 Philostrato
1565 1781 1641 1847 ΙΙ.
1687 1801 1826 1848 esse
1871 1783 2214 1863 composita
2255 1789 2495 1848 narrat.
2541 1783 2690 1849 Cer-

262 1895 401 1954 tum
442 1893 560 1967 est,
626 1887 688 1950 in
731 1885 1019 1951 omnibus
1059 1885 1187 1951 illis
1242 1885 1548 1968 ‘operibus
1595 1936 1610 1951 .
1656 1936 1669 1951 .
1718 1886 1733 1950 ’.
1786 1936 1802 1953 .
1843 1906 2138 1966 magnam
2196 1905 2337 1953 esse
2381 1890 2690 1956 sermonis

261 1995 754 2075 similitudinem,
799 1993 1068 2059 eundem
1113 1993 1388 2060 colorem
1431 2001 1498 2061 et
1538 1994 1773 2076 ingenii
1816 1995 1996 2076 quasi
2036 1996 2535 2077 cognationem.“

1228 2124 1642 2206 Kayserus
1666 2126 1720 2207 ³)

261 2247 530 2330 denique
571 2254 892 2314 auctorem
923 2248 1094 2313 vitae
1125 2248 1326 2329 Apoll.
1370 2249 1508 2314 sine
1552 2249 1983 2315 controversia
2024 2249 2217 2315 etiam
2262 2249 2688 2331 sophistarum

261 2354 426 2420 vitas
468 2355 795 2435 scripsisse
840 2353 1192 2419 arbitratur
1233 2362 1426 2436 atque
1470 2355 1614 2420 huic
1660 2355 1864 2419 eidem
1909 2354 2295 2421 Philostrato
2325 2356 2465 2438 (II.)
2511 2354 2687 2437 adju-

261 2460 433 2525 dicat
454 2459 946 2541 Gymnasticum,
970 2459 1283 2539 Imagines
1312 2460 1523 2541 prior„
1569 2459 2294 2542 Heroicum,'Epistulas,
2337 2459 2683 2543 Neronem;

267 2603 339 2613 —
374 2563 568 2630 libros
598 2564 969 2630 Philostrati
998 2565 1044 2632 I.
1089 2566 1253 2630 enim
1296 2565 1593 2631 interisse
1637 2584 1853 2632 omnes
1897 2566 2222 2631 existimat
2251 2565 2574 2647 Kayserus
2601 2603 2686 2615 -

259 2671 577 2753 Imagines
618 2678 855 2751 poster.
917 2677 1135 2736 autem
1187 2677 1256 2737 et
1309 2669 1589 2736 libellum
1643 2669 1723 2736 de
1778 2670 2119 2737 inimicitiis
2160 2669 2532 2737 Philostrati
2569 2671 2682 2738 111.

260 2795 400 2843 esse
444 2777 543 2842 hic
584 2783 823 2843 censet.

422 2882 900 2949 Recentioribus
943 2883 1330 2964 temporibus
1364 2882 1495 2964 jam
1543 2882 1788 2949 exstitit

1259 3011 1309 3076 B
1328 3030 1363 3078 e
1379 3011 1689 3094 rgkius,

257 3140 365 3221 qui
421 3156 726 3221 nusquam
778 3156 901 3203 non
960 3135 1192 3202 Valesii
1251 3136 1522 3218 vestigia
1578 3137 1829 3218 premit,
1888 3135 2004 3202 nisi
2057 3136 2223 3218 quod
2279 3135 2681 3220 „Epistulas“

257 3244 646 3311 Philostrato
689 3245 768 3309 II.
831 3241 1075 3310 tribuit.
1161 3244 1381 3326 Aeque
1435 3250 1628 3325 atque
1670 3243 1960 3309 Olearius
2013 3244 2196 3308 reicit
2246 3244 2404 3309 illud
2449 3243 2678 3311 Suidae

257 3353 718 3418 testimonium:
782 3350 1291 3437 »Φιλόστρατος
1359 3346 1394 3416 ὃ
1458 3359 1721 3435 πρῶτος
1784 3348 2068 3432 γεγονώς
2123 3346 2245 3417 ἐπὶ
2302 3356 2683 3437 Νέρωνοςῑῑ,

256 3476 461 3540 neque
504 3463 719 3522 tamen
759 3456 932 3522 illius
974 3457 1433 3538 conjecturam:
1486 3453 1658 3535 »ἐπὶ
1698 3460 1975 3544 Νέρωνα
2020 3454 2332 3546 ἔγραψέ(
2373 3457 2681 3538 sequitur,

258 3565 372 3631 sed
415 3564 572 3630 haec
613 3563 809 3630 verba
851 3564 931 3629 ab
963 3564 1272 3648 Hesychio
1313 3565 1563 3646 privato
1605 3564 1861 3630 consilio
1902 3583 2043 3629 esse
2085 3552 2406 3647 adscripta
2444 3567 2680 3628 censet.

256 3671 601 3737 Praeterea
640 3671 952 3752 Bergkius
1007 3672 1071 3736 in
1115 3670 1307 3737 Suida
1361 3670 1677 3752 improbat
1719 3670 1907 3737 illud:
1949 3670 2462 3758 »Φιλόστρατος
2505 3673 2677 3754 Νερ-

254 3784 497 3875 βιανοῦ
569 3772 1078 3870 ἆδελφόπαιδος
1153 3775 1618 3863 Φιλοστράτου
1685 3786 1803 3843 τοῦ
1862 3777 2228 3863 δευτέρους(
2293 3775 2679 3858 Meursiique

336 4019 355 4034 ·
399 4003 454 4070 1)
489 4001 824 4057 Philostrati
858 4001 1097 4073 Heroica
1136 4002 1221 4057 ed.
1260 4001 1314 4057 J.
1351 4002 1441 4057 Fr.
1481 3999 1835 4057 Boissonade.
1910 4001 2141 4056 Parisiis
2177 4001 2516 4059 MDCCCVI.

398 4098 455 4167 2)
492 4095 755 4153 Philostr.
793 4095 1075 4167 Imagines
1112 4097 1198 4153 ed.
1237 4097 1328 4152 Fr.
1366 4097 1588 4152 Jacobs,
1662 4096 1888 4165 Lipsiae
1925 4095 2342 4151 MDCCCXXV.

396 4190 453 4260 3)
491 4189 651 4248 Flav.
669 4190 1003 4247 Philostrati
1024 4191 1123 4247 vit.
1145 4191 1296 4259 soph.
1323 4191 1410 4246 ed.
1431 4189 1566 4246 (ΖΕΒ.
1583 4191 1818 4261 Kayser.
1855 4189 2678 4246 Heidelb.MDcccxxxvn1.

254 4284 503 4340 Praefat.
540 4302 594 4355 p.
631 4284 883 4341 XXXIII
921 4326 933 4340 .
977 4326 990 4339 .
1030 4326 1043 4339 .
1088 4314 1146 4325 —
1187 4284 1522 4340 Philostrati
1579 4285 1708 4340 libri
1765 4286 1832 4340 de
1886 4283 2257 4355 gymnastica‚
2303 4300 2447 4351 quae
2483 4299 2675 4353 super-

255 4384 387 4434 sunt
422 4379 508 4435 ed.
544 4379 604 4435 0.
640 4379 705 4434 L.
744 4381 978 4449 Kayser.
1051 4380 1462 4451 Heidelbergae
1498 4380 1858 4436 MDCOCXL.
1912 4380 2096 4436 Praef.
2119 4428 2122 4433 .
2146 4397 2200 4449 p.
2241 4380 2285 4431 X
2326 4396 2445 4448 sqq.
2485 4409 2552 4419 —
2590 4379 2675 4437 Fl.

257 4473 610 4542 Philostrati,
647 4490 790 4545 quae
825 4480 1124 4546 supersunt
1160 4475 1244 4533 ed.
1284 4474 1340 4532 Ο.
1362 4475 1425 4531 L.
1451 4475 1683 4548 Kayser.
1721 4474 1911 4532 Turici
1947 4474 2387 4532 MDOOCXLIV.
2425 4473 2674 4533 Praefat.
