3109 5142
1312 376 1687 457 ...fl->-

394 574 397 577 ’
455 568 914 656 Φιλόστρατος
961 568 1424 657 Φιλοστράτου
1494 579 1612 637 τοῦ
1672 576 1785 636 καὶ
1815 568 2078 657 ·Βήρου,
2146 580 2451 659 Λήμνίου
2507 581 2708 662 σοφι-

285 689 472 760 στοῦ,
530 686 643 746 καὶ
707 677 909 757 αὐτὸς
954 679 1265 768 δεύτερος
1307 680 1655 766 σοφιστής,
1721 679 2179 766 σοφιστεύσας
2243 682 2317 748 ἐν
2361 679 2709 768 Ἀθήναις,

285 785 430 852 εἶτα
494 783 569 852 ἕν
620 782 830 877 Ῥώμῃ
895 783 1015 852 ἐπὶ
1057 785 1353 874 Σεβήρου
1417 795 1537 852 τοῦ
1601 790 1931 869 βασιλέως
1992 794 2104 853 καὶ
2162 787 2709 874 ἕωςφιλίππου,

284 893 546 986 ἔγραψε
587 898 887 980 μελέτας,
934 892 1301 971 ἐπιστολάς
1344 891 1686 978 ἕρωτικάς,
1745 893 2003 971 εἰκόνας
2047 893 2191 980 ἤτοι
2235 892 2595 982 ἐκφράσεις
2637 891 2711 959 ἐν

285 1003 570 1085 βιβλίοις
614 1002 697 1079 δ,
765 1001 1117 1078 διαλέξεις,
1181 999 1379 1082 αἶγας
1436 996 1472 1086 ἢ
1532 1005 1692 1087 περὶ
1752 996 1991 1078 αὐλοῦ,
2047 996 2497 1067 Ἀπολλωνίου
2556 1006 2711 1084 βίον

284 1119 403 1177 τοῦ
462 1116 772 1187 Τυανέως
833 1105 910 1175 ἐν
963 1111 1247 1192 βιβλίοις
1306 1108 1364 1194 ή,
1435 1105 1709 1195 άγοράν,
1764 1104 2071 1194 ἡρωικόν,
2137 1115 2325 1192 βίους
2368 1114 2711 1192 σοφιστῶν

290 1215 361 1283 ἐν
422 1220 709 1301 βιβλίοις
772 1214 855 1293 δ,
927 1212 1435 1300 ἐπιγράμματα,
1507 1222 1622 1280 καὶ
1696 1212 1865 1282 ἄλλα
1938 1214 2123 1281 τινά·
2198 1215 2372 1301 πλὴν
2444 1214 2710 1301 πρῶτος

289 1318 540 1408 ὀφείλει
590 1328 886 1388 κεῖσθαι.

451 1452 906 1538 Φιλόστρατος
975 1457 1356 1535 Νερβιανοῦ
1443 1447 1953 1536 άδελφόπαιδος
2035 1449 2501 1536 Φιλοστράτου
2586 1458 2705 1514 τοῦ

291 1560 623 1641 δευτέρου,
666 1555 994 1643 Λήμνιος,
1038 1563 1150 1621 καὶ
1195 1553 1398 1632 αὖτός
1445 1556 1767 1642 σοφιστής
1810 1561 1923 1620 καὶ
1967 1554 2349 1632 παιδεύσας
2389 1552 2465 1620 ἐν
2495 1549 2707 1640 Ἀθή-

288 1690 459 1744 ναις,
520 1661 916 1748 τελευτήσας
981 1663 1056 1727 δὲ
1119 1666 1232 1727 καὶ
1297 1667 1534 1747 ταφεὶς
1600 1660 1672 1726 ἒν
1736 1662 2010 1751 Λήμνῳ,
2077 1656 2414 1747 άκουστής
2463 1685 2534 1726 τε
2594 1666 2707 1726 καὶ

285 1769 577 1858 γαμβρὸς
635 1768 918 1853 γεγονώς
970 1769 1088 1833 τοῦ
1147 1768 1460 1850 δευτέρου
1512 1766 1999 1854 Φιλοστράτου,
2059 1755 2361 1856 ἔγραψεν
2417 1766 2705 1845 εἰκόνας,

283 1876 831 1962 παναθηναϊκόν,
908 1875 1237 1958 Τρωικόν,
1322 1874 1774 1961 παράφρασιν
1861 1885 1972 1961 τῆς
2030 1871 2315 1962 Ὁμήρου
2389 1870 2706 1952 άσπίδος,

282 1986 562 2067 μελέτας
605 1988 659 2062 ε’,
725 1987 898 2059 τινὲς
966 1983 1042 2048 δὲ
1103 1987 1215 2047 καὶ
1280 1979 1432 2058 τούς
1500 1983 1631 2047 τῶν
1694 1991 2036 2067 σοφιστῶν
2090 1988 2279 2062 βίους
2331 1979 2439 2047 ἐπ’
2502 1976 2706 2046 αὐτόν

288 2084 818 2176 ἅναφέρουσιν.“

449 2218 709 2284 Accedit
767 2218 1196 2284 testimonium
1256 2235 1333 2281 ex
1389 2215 1809 2299 „Imaginibus
1863 2216 2355 2296 posterioribus“
2412 2221 2702 2301 petitum,

283 2325 388 2391 ubi
450 2325 531 2391 ab
593 2332 850 2390 auctore
913 2325 1048 2404 ejus
1111 2322 1303 2387 libelli
1366 2324 1522 2388 haec
1586 2324 1649 2386 in
1716 2323 2033 2403 prooemio
2099 2335 2700 2393 commemorantur:

280 2432 807 2508 »ἐσπούδασταί
860 2455 959 2505 τις
1013 2437 1335 2515 γραφικῆς
1393 2426 1603 2514 ἔργων
1661 2425 1982 2513 ἔκφρασις
2026 2424 2215 2517 τώμῷ
2262 2425 2588 2526 ὁμωνύμῳ
2632 2459 2704 2501 τε

208 2607 215 2613 ,
278 2543 391 2602 καὶ
431 2542 887 2623 μητροπάτορι
931 2585 945 2599 .
994 2585 1008 2600 .
1053 2540 1121 2599 .“

446 2667 620 2745 Quae
663 2668 717 2731 si
762 2667 969 2732 omnia
1008 2668 1183 2731 recte
1226 2683 1297 2730 se
1336 2663 1667 2744 haberent,
1711 2663 1841 2729 tale
1873 2662 2399 2731 Philostratorum
2430 2674 2700 2736 stemma

280 2773 516 2854 gentile
561 2778 732 2839 esset
775 2771 1285 2837 describendum:
1920 2759 1923 2762 ’
2776 2758 2778 2761 ’

283 2918 490 2972 Aetate
518 2916 893 2987 imperatoris:
1996 2911 2228 2983 Scripsit
2244 2934 2255 2969 ε

1141 3038 1649 3093 Philostratus
1689 3037 1734 3091 1.
1996 3018 2269 3147 Negssssgffi
2324 3049 2390 3063 —
2459 3024 2697 3093 Gymna-

960 3128 1939 3163 ——m

279 3202 472 3259 Severi
492 3218 663 3270 usque
684 3201 755 3256 ad
775 3202 901 3256 Phi·
951 3200 1093 3253 Filia
1105 3208 1282 3268 nupta
1301 3227 1361 3239 -—
1378 3199 1422 3252 P
1434 3198 1575 3253 hilo
1589 3216 1613 3253 s
1626 3204 1652 3252 t
1664 3214 1691 3252 r
1702 3215 1735 3252 a
1748 3204 1773 3251 t
1788 3215 1821 3252 u
1834 3214 1858 3251 s
1869 3155 2186 3525 1ΙὶγίΨῦῙῘΙ
2208 3166 2486 3234 APOUOHii
2515 3196 2581 3205 —
2598 3168 2695 3222 Vi-

280 3041 511 3097 Neronis

350 3275 558 3344 lippum
950 3270 1225 3325 Nerviano
1680 3271 1690 3337 Ι
2069 3242 2158 3288 tas
2209 3236 2578 3304 sophistarum
2631 3268 2694 3279 ·-

959 3341 1293 3382 ——q

1629 3350 1636 3369 ,
1663 3340 1767 3370 m..
1796 3349 1915 3370 ,,-
2069 3306 2362 3362 Heroicum
2395 3339 2453 3349 —-
2497 3309 2697 3380 Imagi-

955 3377 1266 3431 Nervianus
1289 3405 1352 3417 —
1376 3377 1520 3432 Filia
1544 3381 1583 3432 l.
1612 3409 1661 3416 -
1696 3377 1837 3431 Filia
1858 3378 1927 3433 11.

2069 3394 2166 3460 nes
2197 3411 2216 3416 -
2268 3379 2556 3448 Epistulas
2580 3398 2697 3437 ero-

280 3540 586 3599 Domitiani
608 3539 896 3596 Aureliani
1037 3535 1234 3589 Philo
1251 3539 1404 3588 stra
1422 3541 1495 3587 tu
1516 3551 1540 3587 s
1568 3453 1815 3632 ΙΙΙέ-ἶ
1999 3457 2694 3664 ΤΥΞΞΞἉΞΙαὲ-ἵῃξθΐθῑθῑῑῐῃ)

379 3809 384 3813 ,
442 3729 795 3795 Secundum
859 3730 1112 3796 Suidam
1177 3731 1601 3797 Philostratus
1663 3732 1712 3795 Ι.
1784 3731 1905 3821 fuit
1966 3702 2365 3813 imperatoris
2429 3731 2696 3799 Neronis

276 3834 664 3916 temporibus
707 3834 1112 3919 ejusdemque
1157 3835 1321 3902 filius
1365 3837 1786 3919 Philostratus
1830 3837 1911 3901 ΙΙ.
1970 3843 2185 3903 aetate
2227 3837 2443 3902 Severi
2481 3856 2694 3921 usque

234 3940 357 4019 ‚ad
401 3939 775 4022 Philippum,
821 3940 883 4006 id
925 3941 1088 4023 quod
1130 3942 1304 4008 nullo
1349 3940 1529 4007 modo
1573 3941 1812 4007 factum
1854 3961 1992 4008 esse
2035 3948 2263 4023 potest.
2329 3942 2692 4027 Praeterea,

274 4048 327 4112 si
368 4045 546 4111 illum
600 4048 663 4112 in
708 4048 1087 4128 Imaginibus
1129 4047 1582 4130 posterioribus
1625 4048 1827 4114 locum
1871 4054 1953 4132 *et
1993 4049 2224 4115 Suidae
2266 4050 2694 4117 testimonium

273 4157 546 4233 spectes,¹
600 4152 1023 4220 Philostratus
1064 4156 1176 4220 ΙΙΙ.
1236 4173 1517 4220 sororem
1573 4172 1726 4219 suae
1780 4156 2008 4221 matris
2050 4190 2132 4200 -—·
2174 4153 2508 4221 secundam
2554 4156 2693 4222 dico

275 4256 644 4324 Philostrati
686 4259 766 4325 ΙΙ.
810 4258 1003 4325 filiam
1045 4297 1127 4306 —
1166 4262 1229 4325 in
1275 4259 1740 4325 matrimonium
1779 4261 1972 4326 duxit.
2060 4260 2226 4325 Num
2269 4266 2484 4325 autem
2528 4264 2692 4328 veri-

269 4363 473 4429 simile
517 4374 616 4430 est
660 4365 1110 4432 Philostratum
1156 4365 1235 4433 11.
1280 4366 1473 4433 fuisse
1520 4365 1883 4433 Philostrati
1912 4367 2021 4433 ΙΙΙ.
2068 4385 2253 4432 avum
2298 4367 2689 4452 eundemque

268 4486 552 4551 socerum
569 4472 600 4538 Ρ
