3109 5142
1233 416 1659 478 -17-

230 591 373 657 fieri
419 592 675 673 poterat
715 623 797 636 —
839 605 938 652 me
983 585 1419 668 comprobasse
1463 586 1769 666 existimo,
1812 604 1964 652 non
2011 587 2361 669 „Imagines
2404 595 2666 671 poste—

231 697 490 763 riores
534 699 603 759 et
643 693 1020 760 Heroicum“
1062 729 1145 739 —
1188 692 1252 757 id
1295 691 1461 775 quod
1504 692 1786 758 Rohdius
1829 700 2047 758 censet
2088 689 2172 740 ’--
2214 694 2353 759 sed
2400 696 2666 779 „Imagi-

231 822 350 869 nes
391 802 702 884 priores
747 806 815 865 et
858 799 1234 864 Heroicum“
1275 817 1403 864 una
1446 799 1730 881 ejusdem
1772 817 1911 864 esse
1956 801 2251 866 auctoris.

402 908 528 975 Sed
593 908 749 973 haec
810 907 1149 986 hactenus;
1215 906 1295 972 de
1361 906 1671 990 „Heroico
1738 912 1805 972 et
1865 906 2250 987 Imaginibus
2312 907 2661 989 prioribus“

230 1013 422 1097 paulo
461 1013 628 1079 infra
671 1011 953 1096 pluribus
996 1011 1203 1078 verbis
1246 1013 1571 1079 disseram.

402 1141 483 1205 B.
567 1140 792 1207 Rohdii
831 1141 1152 1206 sententia
1192 1138 1474 1205 refutata
1517 1138 1852 1205 redeamus
1887 1140 2021 1221 jam
2062 1140 2144 1205 ad
2180 1139 2484 1223 J‘udicium

1276 1294 1620 1376 Bergkii.

400 1420 492 1486 Ut
546 1419 679 1500 J‘am
743 1437 936 1499 supra
999 1417 1122 1483 dixi
1140 1469 1157 1499 ‚
1229 1418 1330 1483 hic
1385 1417 1622 1484 Valesii
1673 1420 1907 1485 insistit
1959 1419 2260 1501 vestigiis,
2329 1419 2446 1485 nisi
2500 1419 2663 1502 quod

231 1525 633 1611 „Epistulas“
677 1525 1063 1591 Philostrato
1108 1526 1184 1591 II.
1230 1524 1471 1592 tribuit.
1561 1527 1697 1606 Ego
1714 1577 1729 1606 ,
1801 1545 1942 1592 cum
1996 1527 2255 1608 Bergkii
2312 1527 2663 1608 opinionem

226 1652 462 1717 sequar
505 1633 880 1711 universam,
937 1637 1151 1698 tamen
1194 1634 1359 1698 hunc
1412 1635 1712 1699 nonnulla
1769 1634 1939 1700 haud
1989 1636 2081 1700 ita
2133 1639 2311 1700 recte
2350 1632 2664 1716 judicasse

227 1759 473 1807 censeo.

397 1849 604 1930 Atque
647 1847 933 1939 inprimis
975 1846 1245 1929 quidem,
1292 1846 1456 1928 quod
1500 1847 1814 1928 Bergkius
1857 1847 2142 1914 defendit
2184 1848 2442 1914 Meursii
2485 1847 2662 1912 illam

176 2012 183 2017 .
227 1955 690 2035 conjecturam:
776 1952 1288 2036 ,,Φιλόστρατος
1343 1959 1728 2041 Νερβιανοῦ
1781 1951 2211 2040 ἀδελφόπαις
2265 1958 2406 2037 (pro
2473 1949 2663 2021 ἀδελ-

223 2059 595 2148 φόπαιδος)
630 2059 1092 2145 Φιλοστράτου
1138 2067 1256 2126 τοῦ
1299 2061 1687 2143 δευτέρου“,
1731 2060 2021 2143 equidem
2046 2080 2168 2126 non
2196 2080 2335 2126 esse
2369 2060 2662 2141 arbitror,

229 2186 344 2233 cur
372 2166 600 2232 Suidae
629 2165 784 2230 illud
829 2160 1440 2250 ,,ἆδελφόπαιδος“
1486 2166 1878 2246 emendetur,
1922 2167 2043 2246 vel,
2084 2172 2158 2232 ut
2180 2166 2417 2232 rectius
2440 2166 2663 2245 dicam,

223 2273 630 2355 depravetur.
720 2272 1031 2337 Gravibus
1076 2274 1282 2337 causis
1323 2272 1477 2337 illud
1521 2266 2132 2357 ,,ἆδελφόπαιδος“
2174 2271 2337 2338 bene
2379 2271 2665 2339 defendit

225 2379 530 2459 Rohdius,
595 2379 694 2443 cui
736 2378 856 2443 hac
898 2379 961 2442 in
1007 2398 1097 2455 re,
1156 2397 1363 2460 neque
1407 2384 1622 2443 tamen
1669 2380 1734 2443 in
1776 2378 1889 2443 illa
1930 2380 2318 2462 conjectura:
2402 2379 2660 2457 »Φιλό-

225 2508 511 2571 στρατος
579 2492 958 2570 Νερβιανοῦ
1041 2478 1551 2570 άδελφόπαιδος
1624 2484 2087 2570 Φιλοστράτου
2154 2492 2275 2551 τοῦ
2348 2482 2665 2567 πρώτουζ(

223 2594 368 2674 (pro
409 2593 750 2677 δευτέρου)
796 2593 1125 2658 assentior.
1192 2592 1413 2657 Nonne
1458 2592 1624 2656 enim
1667 2591 1803 2658 fieri
1846 2599 2076 2674 potest,
2120 2599 2193 2659 ut
2221 2591 2402 2658 liberi
2438 2610 2661 2658 eorun-

223 2699 371 2764 dem
426 2706 760 2781 parentum
819 2699 937 2764 XV
1003 2698 1105 2762 vel
1168 2698 1287 2763 XX
1344 2699 1526 2763 annis
1592 2697 1693 2764 vel
1758 2697 2042 2779 pluribus
2097 2699 2267 2763 inter
2316 2716 2386 2763 se
2448 2704 2663 2764 aetate

223 2804 564 2871 differant?
649 2803 964 2869 Nonnulla
1033 2803 1335 2887 ejusmodi
1408 2804 1697 2885 exempla
1761 2804 1992 2870 afferre
2039 2823 2313 2885 possum,
2368 2804 2482 2869 sed
2524 2804 2663 2870 aliis

224 2931 330 2976 me
377 2912 510 2992 jam
561 2910 978 2992 supersedere
1036 2914 1190 2992 puto
1241 2911 1359 2976 hoc
1399 2929 1524 2976 uno
1568 2912 1723 2976 satis
1778 2910 2098 2977 luculento
2154 2916 2660 2977 commemorato.

391 3017 463 3081 In
516 3015 672 3082 urbe
718 3014 1081 3096 Asciburgio
1126 3022 1418 3098 quartam
1460 3017 1790 3098 gymnasii,
1855 3016 2021 3098 quod
2063 3023 2339 3097 vocatur,
2396 3014 2662 3082 classem

219 3120 671 3204 frequentabat
715 3141 873 3203 puer
917 3122 1188 3204 quidam,
1250 3123 1501 3187 nomine
1543 3122 1926 3202 Buttnerus;
1997 3122 2062 3186 in
2119 3122 2322 3203 prima
2376 3122 2658 3205 ejusdem

220 3228 529 3312 gymnasii
571 3230 772 3293 classe
815 3236 957 3294 erat
1001 3227 1344 3310 discipulus
1388 3232 1457 3294 et
1495 3228 1634 3309 ipse
1675 3228 2029 3295 Biittnerus
2072 3225 2449 3309 appellatus,
2541 3229 2660 3306 Qui

220 3339 664 3419 interrogatus,
742 3356 891 3402 num
933 3336 1136 3402 frater
1180 3336 1348 3402 illius
1405 3337 1586 3418 pueri
1642 3342 1796 3402 natu
1850 3336 2103 3418 majoris
2148 3340 2337 3413 esset,
2414 3355 2484 3401 se
2526 3338 2662 3419 ejus

222 3443 678 3527 „avunculum“
724 3461 863 3509 esse
906 3463 975 3507 se
1012 3442 1327 3523 jactabat;
1399 3444 1746 3508 avunculus
1798 3444 1994 3525 igitur
2038 3440 2240 3508 tribus
2282 3444 2462 3508 annis
2503 3449 2661 3509 natu

221 3556 364 3615 erat
405 3549 608 3613 minor
650 3567 838 3630 quam
881 3550 1113 3613 sororis
1158 3548 1343 3614 filius,
1428 3548 1604 3613 Haec
1648 3555 1840 3630 atque
1885 3547 2037 3613 talia
2093 3548 2193 3613 his
2252 3546 2473 3615 diebus
2517 3567 2660 3615 eve-

218 3655 402 3721 niunt
462 3659 653 3737 atque
710 3654 1004 3719 evenient
1053 3655 1115 3719 111
1160 3661 1517 3736 posterum;
1591 3672 1754 3736 quae
1777 3706 1792 3734 ‚
1863 3671 1976 3719 cur
2030 3654 2308 3736 antiquis
2363 3656 2658 3737 tempori-

219 3764 337 3829 bus
387 3763 673 3829 accidere
723 3782 843 3828 non
889 3764 1232 3844 potuerint,
1287 3762 1577 3845 equidem
1619 3781 1742 3827 non
1785 3763 2103 3842 intellego.

387 3870 616 3935 Mirum
659 3870 856 3951 igitur
899 3862 1052 3934 mihi
1079 3870 1347 3950 videtur,
1393 3887 1504 3935 cur
1526 3869 1840 3950 Bergkius
1860 3869 2017 3935 illud
2048 3865 2659 3954 ,,ἆδελφόπαιδος“

216 3976 666 4057 repudiaverit,
739 3995 852 4042 cur
894 3976 1172 4042 Rohdius
1214 3977 1307 4041 ita
1350 3976 1723 4053 servaverit,
1798 3982 1868 4041 ut
1925 3975 2092 4041 dicat
2134 3975 2471 4057 legendum
2516 3993 2657 4040 esse

213 4075 775 4167 ,,άδελφόπαιδος
828 4091 945 4150 τοῦ
1012 4082 1279 4170 πρώτου
1346 4079 1809 4167 Φιλοστράτου
1875 4083 2017 4165 (pro
2063 4082 2404 4166 δευτέρου)
2464 4086 2656 4163 atque

215 4187 630 4253 affirmaverit
693 4193 860 4254 teste
924 4188 1116 4253 Suida
1179 4188 1631 4254 Philostratum
1698 4188 1810 4253 ΙΙΙ.
1877 4188 2072 4253 fuisse
2133 4192 2290 4253 natu
2353 4187 2654 4251 minorem

217 4312 404 4374 quam
449 4298 522 4357 ut
566 4293 755 4358 filiam
801 4294 1170 4361 Philostrati
1201 4294 1279 4359 Π.
1324 4294 1387 4358 111
1430 4294 1896 4360 matrimonium
1941 4294 2171 4360 ducere
2201 4300 2432 4375 posset.
2488 4292 2655 4357 Num

216 4398 383 4463 enim
423 4398 789 4464 incredibile
829 4407 928 4465 est
957 4401 1128 4467 dictu
1158 4399 1350 4466 filiam
1395 4401 1681 4482 (neptem
1697 4402 1755 4484 P)
1800 4400 2166 4466 Philostrati
2209 4400 2256 4463 I.
2301 4396 2655 4481 quindecim

212 4504 316 4570 vel
363 4503 583 4586 viginti
627 4506 806 4572 annis
848 4513 1005 4572 natu
1047 4507 1348 4590 majorem
1391 4504 1587 4573 fuisse
1629 4506 1825 4591 ipsius
1868 4506 2069 4572 fratre
2120 4505 2505 4571 Philostrato
2526 4505 2653 4570 IL?

2189 4614 2223 4666 2
