3109 5142
1471 390 1845 454 ...4-

445 584 606 650 quae
653 566 899 635 dicendi
942 585 1175 651 genere
1224 573 1373 634 sunt
1412 565 1585 633 inter
1634 585 1704 633 se
1759 566 2033 646 diversa,
2088 564 2314 633 deinde
2370 564 2745 649 progrediar
2806 561 2887 631 ad

446 693 542 755 ea,
586 694 748 757 quae
790 675 960 740 inter
1002 693 1071 740 se
1113 677 1491 755 repugnant,
1548 679 1687 739 tum
1720 672 1857 755 jam
1898 691 1975 738 ea
2016 677 2307 752 tractem,
2362 691 2524 755 quae
2575 670 2887 737 imitando

449 776 660 842 efficta
702 793 842 842 esse
883 775 1193 842 videntur.
1279 774 1536 840 Summa
1599 773 1869 856 denique
1931 773 2103 839 facta
2144 792 2382 856 eorum,
2446 793 2609 856 quae
2685 795 2881 858 supra

448 891 598 948 sunt
641 882 855 960 allata,
900 887 1220 963 postremo
1263 879 1476 945 omnia
1516 879 1634 945 sub
1677 898 1870 944 unum
1912 879 2306 944 subiciuntur
2347 878 2727 962 aspectum?

613 987 710 1053 De
759 987 1282 1053 Philostratorum
1334 982 1620 1050 oratione
1674 985 1831 1065 ipsa,
1889 1002 2075 1066 quam
2129 985 2193 1049 in
2236 985 2353 1050 hac
2395 1004 2468 1050 re
2511 986 2885 1068 diligentius

448 1095 716 1175 inspexi,
758 1093 959 1159 fusius
1004 1100 1071 1158 et
1112 1091 1418 1172 copiosius
1462 1108 1785 1172 exponere
1823 1108 2029 1171 neque
2071 1090 2225 1155 mihi
2265 1091 2441 1170 licet,
2486 1129 2569 1139 -——
2596 1097 2883 1176 angustis

457 1199 622 1264 enim
667 1198 891 1265 finibus
930 1198 1082 1263 mihi
1124 1194 1730 1263 circumscribendus
1784 1203 1883 1260 est
1924 1195 2024 1261 hic
2067 1195 2317 1262 libellus
2360 1235 2438 1245 —
2486 1217 2691 1282 neque
2746 1202 2885 1283 plu-

451 1308 679 1373 rimum
735 1303 1109 1387 profecerim
1168 1321 1245 1367 ea
1299 1303 1721 1385 explicatione
1777 1301 1893 1368 hoc
1945 1302 2080 1368 loco
2124 1301 2295 1368 facta
2336 1340 2418 1349 —
2464 1311 2673 1371 certas
2716 1308 2882 1374 enim

457 1411 708 1479 dicendi
750 1411 925 1491 leges
969 1408 1051 1476 ad
1095 1406 1619 1490 comprobandam
1663 1425 1870 1473 meam
1925 1406 2006 1472 de
2046 1406 2448 1475 Philostratis
2499 1412 2883 1478 sententiam

450 1519 843 1600 pertinentes
906 1524 982 1580 ut
1041 1513 1187 1580 inde
1243 1513 1625 1590 extricarem
1679 1519 1873 1595 atque
1927 1513 2228 1580 elicerem
2283 1515 2499 1596 plures
2554 1516 2705 1583 mihi
2760 1537 2882 1584 non

454 1623 738 1705 contigit.

617 1730 841 1810 Itaque
885 1724 965 1792 de
1009 1725 1282 1791 dictione
1325 1725 1623 1790 universa
1679 1724 1775 1789 his
1820 1723 1901 1788 ab
1942 1724 2239 1806 sophistis
2281 1734 2589 1808 usurpata
2642 1732 2881 1810 postea,

453 1837 574 1905 nisi
636 1835 805 1911 forte
872 1832 1247 1898 Guilielmus
1301 1830 1555 1896 Schmid
1620 1828 1982 1896 describens
2047 1830 2576 1899 Philostratorum
2639 1833 2886 1901 dicendi

453 1961 653 2024 genus
714 1942 779 2006 in
844 1940 951 2004 illo
1015 1939 1242 2003 eximio
1303 1956 1514 2019 opere,
1577 1937 1744 2018 quod
1810 1936 2260 2019 „Atticismus“
2333 1937 2717 2020 inscribitur,
2782 1959 2883 2006 me

453 2047 879 2124 antevenerit,
925 2043 1251 2110 occasione
1287 2040 1442 2108 data
1478 2041 1765 2124 pluribus
1808 2041 2132 2108 disseram.

621 2154 847 2219 Restat
887 2151 1015 2234 iam
1059 2155 1134 2214 ut
1175 2149 1254 2214 de
1298 2148 1569 2231 scriptiS,
1628 2166 1789 2229 quae
1844 2147 2008 2213 hanc
2051 2148 2133 2214 ad
2174 2167 2310 2214 rem
2354 2155 2648 2230 spectant
2688 2156 2882 2234 atque

456 2278 659 2341 nuper
714 2255 966 2322 demum
1030 2254 1261 2337 publici
1315 2255 1480 2335 juris
1543 2261 1693 2318 sunt
1746 2253 1936 2334 facta,
1998 2273 2318 2337 perpauca
2383 2275 2884 2323 commemorem.

460 2369 667 2446 Atque
710 2363 1042 2445 philologis
1087 2361 1439 2441 GermaniS,
1507 2361 1613 2443 qui
1678 2362 2004 2442 superiore
2048 2381 2213 2428 anno
2254 2362 2683 2430 Vindobonam
2739 2384 2882 2432 con-

460 2475 788 2548 venerant,
834 2486 974 2534 cum
1018 2466 1142 2532 alia
1183 2473 1318 2533 tum
1361 2467 1521 2532 haec
1565 2466 1853 2532 confecta
1895 2474 2088 2550 atque
2131 2467 2423 2534 dedicata
2465 2475 2616 2535 sunt
2655 2490 2886 2553 opera:

625 2575 690 2658 a)
738 2574 1104 2641 Philostrati
1145 2574 1404 2657 Majoris
1445 2574 1761 2657 Imagines
1804 2623 1817 2638 .
1854 2627 1865 2640 .
1902 2625 1914 2639 .
1949 2623 1963 2637 .
2007 2587 2469 2643 recensuerunt
2512 2578 2886 2646 Seminario-

460 2701 602 2749 rum
647 2679 1213 2747 Vindobonensium
1257 2681 1534 2747 sodales.

627 2785 694 2867 b)
740 2784 1252 2868 Gymnastisches
1303 2787 1369 2851 in
1413 2786 1788 2852 Philostrats
1833 2786 2107 2852 Eikones
2162 2806 2278 2853 von
2341 2787 2547 2855 Julius
2588 2789 2629 2855 J
2631 2790 2885 2856 iithner.

465 2894 738 2978 (Eranos
778 2890 1278 2958 vindobonensis
1318 2909 1459 2975 pag.
1500 2893 1882 2975 308—330.)

636 2997 752 3064 His
803 2995 1061 3063 utilibus
1118 3015 1202 3062 ex
1259 2996 1458 3078 libris,
1519 2998 1668 3080 quid
1720 2998 1785 3063 in
1839 3016 2019 3065 usum
2076 3017 2285 3065 meum
2342 2999 2734 3083 contulerim,
2803 3021 2887 3068 ex

464 3105 730 3186 singulis
771 3101 937 3168 infra
977 3101 1128 3167 locis
1167 3102 1450 3186 intellegi
1490 3108 1723 3185 potest.

633 3211 728 3274 Ea
783 3206 1249 3290 praemonenda
1302 3209 1451 3274 duxi
1505 3209 1585 3274 de
1653 3228 1790 3276 meo
1848 3209 2080 3291 libello,
2122 3230 2305 3293 quem
2344 3212 2479 3294 jam
2522 3214 2887 3280 commendo

468 3315 912 3381 benevolorum
957 3314 1434 3381 aestimatorum
1468 3316 1727 3397 judicio.
