<?xml version="1.0" encoding="UTF-8"?>
<!DOCTYPE html PUBLIC "-//W3C//DTD XHTML 1.0 Transitional//EN"
    "http://www.w3.org/TR/xhtml1/DTD/xhtml1-transitional.dtd">
<html xmlns="http://www.w3.org/1999/xhtml" xml:lang="en" lang="en">
 <head>
  <title>
</title>
<meta http-equiv="Content-Type" content="text/html;charset=utf-8" />
  <meta name='ocr-system' content='tesseract 3.04.00' />
  <meta name='ocr-capabilities' content='ocr_page ocr_carea ocr_par ocr_line ocrx_word'/>
</head>
<body>
  <div class='ocr_page' id='page_1' title='image "./dephilostratiss00fertgoog_0049.png"; bbox 0 0 3109 5142; ppageno 0'>
   <div class='ocr_carea' id='block_1_1' title="bbox 1251 382 1663 446">
    <p class='ocr_par' dir='ltr' id='par_1_1' title="bbox 1251 382 1663 446">
     <span class='ocr_line' id='line_1_1' title="bbox 1251 382 1663 446; baseline 0.01 -19"><span class='ocrx_word' id='word_1_1' title='bbox 1251 382 1663 446; x_wconf 63' lang='lat'><strong>„47-</strong></span> 
     </span>
    </p>
   </div>
   <div class='ocr_carea' id='block_1_2' title="bbox 228 533 2671 860">
    <p class='ocr_par' dir='ltr' id='par_1_2' title="bbox 228 533 2671 860">
     <span class='ocr_line' id='line_1_2' title="bbox 228 533 2670 647; baseline 0.004 -25"><span class='ocrx_word' id='word_1_2' title='bbox 228 575 408 624; x_wconf 90' lang='lat' dir='ltr'><strong>none</strong></span> <span class='ocrx_word' id='word_1_3' title='bbox 451 577 529 625; x_wconf 88' lang='lat' dir='ltr'><strong>ea</strong></span> <span class='ocrx_word' id='word_1_4' title='bbox 569 561 924 643; x_wconf 86' lang='lat' dir='ltr'><strong>enarrandi,</strong></span> <span class='ocrx_word' id='word_1_5' title='bbox 995 580 1156 646; x_wconf 86' lang='lat' dir='ltr'><strong>quae</strong></span> <span class='ocrx_word' id='word_1_6' title='bbox 1208 560 1389 630; x_wconf 88' lang='lat' dir='ltr'><strong>modo</strong></span> <span class='ocrx_word' id='word_1_7' title='bbox 1440 566 1802 633; x_wconf 81' lang='lat' dir='ltr'><strong>summatim</strong></span> <span class='ocrx_word' id='word_1_8' title='bbox 1857 564 2064 644; x_wconf 90' lang='lat' dir='ltr'><strong>attuli,</strong></span> <span class='ocrx_word' id='word_1_9' title='bbox 2134 567 2228 632; x_wconf 88' lang='lat' dir='ltr'><strong>ita</strong></span> <span class='ocrx_word' id='word_1_10' title='bbox 2278 583 2350 631; x_wconf 88' lang='lat' dir='ltr'><strong>re</strong></span> <span class='ocrx_word' id='word_1_11' title='bbox 2389 564 2530 647; x_wconf 87' lang='lat' dir='ltr'><strong>ipsa</strong></span> <span class='ocrx_word' id='word_1_12' title='bbox 2570 533 2670 632; x_wconf 84' lang='lat' dir='ltr'><strong>est</strong></span> 
     </span>
     <span class='ocr_line' id='line_1_3' title="bbox 228 662 2667 755; baseline 0.003 -26"><span class='ocrx_word' id='word_1_13' title='bbox 228 662 457 730; x_wconf 83' lang='lat' dir='ltr'><strong>oblata</strong></span> <span class='ocrx_word' id='word_1_14' title='bbox 497 666 607 732; x_wconf 92' lang='lat' dir='ltr'><strong>illi.</strong></span> <span class='ocrx_word' id='word_1_15' title='bbox 698 669 778 733; x_wconf 87' lang='lat' dir='ltr'><strong>At</strong></span> <span class='ocrx_word' id='word_1_16' title='bbox 820 669 884 733; x_wconf 93' lang='lat' dir='ltr'><strong>in</strong></span> <span class='ocrx_word' id='word_1_17' title='bbox 928 670 1314 751; x_wconf 78' lang='lat' dir='ltr'><strong>Imaginibus</strong></span> <span class='ocrx_word' id='word_1_18' title='bbox 1365 671 1554 753; x_wconf 89' lang='lat' dir='ltr'><strong>prior</strong></span> <span class='ocrx_word' id='word_1_19' title='bbox 1613 672 1830 739; x_wconf 84' lang='lat' dir='ltr'><strong>tabula</strong></span> <span class='ocrx_word' id='word_1_20' title='bbox 1871 670 1920 751; x_wconf 82' lang='grc' dir='ltr'><strong>ζ’</strong></span> <span class='ocrx_word' id='word_1_21' title='bbox 1969 672 2301 755; x_wconf 82' lang='lat' dir='ltr'><strong>„Memnon</strong></span> <span class='ocrx_word' id='word_1_22' title='bbox 2345 672 2667 738; x_wconf 86' lang='lat' dir='ltr'><strong>mortuus“</strong></span> 
     </span>
     <span class='ocr_line' id='line_1_4' title="bbox 230 768 2671 860; baseline 0.004 -27"><span class='ocrx_word' id='word_1_23' title='bbox 230 768 623 853; x_wconf 83' lang='lat' dir='ltr'><strong>depingitur,</strong></span> <span class='ocrx_word' id='word_1_24' title='bbox 666 775 844 857; x_wconf 88' lang='lat' dir='ltr'><strong>cujus</strong></span> <span class='ocrx_word' id='word_1_25' title='bbox 889 774 1047 841; x_wconf 83' lang='lat' dir='ltr'><strong>facie</strong></span> <span class='ocrx_word' id='word_1_26' title='bbox 1089 777 1369 859; x_wconf 87' lang='lat' dir='ltr'><strong>aliisque,</strong></span> <span class='ocrx_word' id='word_1_27' title='bbox 1414 795 1577 859; x_wconf 88' lang='lat' dir='ltr'><strong>quae</strong></span> <span class='ocrx_word' id='word_1_28' title='bbox 1619 777 1743 844; x_wconf 91' lang='lat' dir='ltr'><strong>huc</strong></span> <span class='ocrx_word' id='word_1_29' title='bbox 1781 779 2122 860; x_wconf 79' lang='lat' dir='ltr'><strong>pertinent,</strong></span> <span class='ocrx_word' id='word_1_30' title='bbox 2165 776 2357 843; x_wconf 88' lang='lat' dir='ltr'><strong>rebus</strong></span> <span class='ocrx_word' id='word_1_31' title='bbox 2395 776 2671 859; x_wconf 90' lang='lat' dir='ltr'><strong>descrip-</strong></span> 
     </span>
    </p>
   </div>
   <div class='ocr_carea' id='block_1_3' title="bbox 228 877 2672 1070">
    <p class='ocr_par' dir='ltr' id='par_1_3' title="bbox 228 877 2672 1070">
     <span class='ocr_line' id='line_1_5' title="bbox 228 877 2672 967; baseline 0.002 -25"><span class='ocrx_word' id='word_1_32' title='bbox 228 877 342 958; x_wconf 91' lang='lat' dir='ltr'><strong>tis,</strong></span> <span class='ocrx_word' id='word_1_33' title='bbox 417 880 626 947; x_wconf 89' lang='lat' dir='ltr'><strong>omnia</strong></span> <span class='ocrx_word' id='word_1_34' title='bbox 659 884 794 966; x_wconf 87' lang='lat' dir='ltr'><strong>jam</strong></span> <span class='ocrx_word' id='word_1_35' title='bbox 835 885 992 948; x_wconf 87' lang='lat' dir='ltr'><strong>satis</strong></span> <span class='ocrx_word' id='word_1_36' title='bbox 1030 890 1180 950; x_wconf 91' lang='lat' dir='ltr'><strong>sunt</strong></span> <span class='ocrx_word' id='word_1_37' title='bbox 1226 885 1534 965; x_wconf 83' lang='lat' dir='ltr'><strong>exposita.</strong></span> <span class='ocrx_word' id='word_1_38' title='bbox 1620 885 1864 967; x_wconf 78' lang='lat' dir='ltr'><strong>Itaque,</strong></span> <span class='ocrx_word' id='word_1_39' title='bbox 1933 884 2082 967; x_wconf 90' lang='lat' dir='ltr'><strong>quid</strong></span> <span class='ocrx_word' id='word_1_40' title='bbox 2123 885 2521 966; x_wconf 82' lang='lat' dir='ltr'><strong>insequentia</strong></span> <span class='ocrx_word' id='word_1_41' title='bbox 2563 884 2672 949; x_wconf 89' lang='lat' dir='ltr'><strong>illa</strong></span> 
     </span>
     <span class='ocr_line' id='line_1_6' title="bbox 228 980 2671 1070; baseline 0 -21"><span class='ocrx_word' id='word_1_42' title='bbox 228 983 438 1050; x_wconf 89' lang='lat' dir='ltr'><strong>verba</strong></span> <span class='ocrx_word' id='word_1_43' title='bbox 498 982 765 1069; x_wconf 62' lang='grc' dir='ltr'>»τάφος</span> <span class='ocrx_word' id='word_1_44' title='bbox 828 980 1128 1070; x_wconf 81' lang='grc' dir='ltr'>οὖδαμοῦ</span> <span class='ocrx_word' id='word_1_45' title='bbox 1172 989 1592 1070; x_wconf 81' lang='grc' dir='ltr'>Μέμνονος.</span> <span class='ocrx_word' id='word_1_46' title='bbox 1764 1036 1778 1051; x_wconf 94' lang='grc'><strong>.</strong></span> <span class='ocrx_word' id='word_1_47' title='bbox 1783 991 1831 1020; x_wconf 85' lang='grc'><strong>“</strong></span> <span class='ocrx_word' id='word_1_48' title='bbox 1900 984 2017 1051; x_wconf 91' lang='lat' dir='ltr'><strong>sibi</strong></span> <span class='ocrx_word' id='word_1_49' title='bbox 2080 985 2298 1065; x_wconf 84' lang='lat' dir='ltr'><strong>velint,</strong></span> <span class='ocrx_word' id='word_1_50' title='bbox 2365 985 2671 1067; x_wconf 89' lang='lat' dir='ltr'><strong>quomodo</strong></span> 
     </span>
    </p>
   </div>
   <div class='ocr_carea' id='block_1_4' title="bbox 231 1037 2672 1281">
    <p class='ocr_par' dir='ltr' id='par_1_4' title="bbox 231 1037 2672 1281">
     <span class='ocr_line' id='line_1_7' title="bbox 231 1037 2670 1175; baseline -0.001 -19"><span class='ocrx_word' id='word_1_51' title='bbox 231 1096 619 1159; x_wconf 86' lang='lat' dir='ltr'><strong>conveniant</strong></span> <span class='ocrx_word' id='word_1_52' title='bbox 659 1093 741 1158; x_wconf 89' lang='lat' dir='ltr'><strong>ad</strong></span> <span class='ocrx_word' id='word_1_53' title='bbox 781 1092 1170 1175; x_wconf 89' lang='lat' dir='ltr'><strong>superiorem</strong></span> <span class='ocrx_word' id='word_1_54' title='bbox 1200 1037 1716 1174; x_wconf 82' lang='lat' dir='ltr'><strong>explicationem,</strong></span> <span class='ocrx_word' id='word_1_55' title='bbox 1746 1091 1901 1157; x_wconf 89' lang='lat' dir='ltr'><strong>nihil</strong></span> <span class='ocrx_word' id='word_1_56' title='bbox 1930 1109 2181 1173; x_wconf 89' lang='lat' dir='ltr'><strong>possum</strong></span> <span class='ocrx_word' id='word_1_57' title='bbox 2210 1091 2583 1173; x_wconf 84' lang='lat' dir='ltr'><strong>intellegere</strong></span> <span class='ocrx_word' id='word_1_58' title='bbox 2596 1092 2670 1175; x_wconf 89' lang='lat'><strong>¹).</strong></span> 
     </span>
     <span class='ocr_line' id='line_1_8' title="bbox 233 1190 2672 1281; baseline -0.002 -19"><span class='ocrx_word' id='word_1_59' title='bbox 233 1196 553 1281; x_wconf 88' lang='lat' dir='ltr'><strong>Equidem</strong></span> <span class='ocrx_word' id='word_1_60' title='bbox 599 1194 884 1260; x_wconf 84' lang='lat' dir='ltr'><strong>existimo</strong></span> <span class='ocrx_word' id='word_1_61' title='bbox 932 1192 1382 1260; x_wconf 85' lang='lat' dir='ltr'><strong>Philostratum</strong></span> <span class='ocrx_word' id='word_1_62' title='bbox 1427 1192 1536 1258; x_wconf 89' lang='lat' dir='ltr'>III.</span> <span class='ocrx_word' id='word_1_63' title='bbox 1592 1193 1769 1273; x_wconf 87' lang='lat' dir='ltr'><strong>haec,</strong></span> <span class='ocrx_word' id='word_1_64' title='bbox 1840 1211 2003 1276; x_wconf 88' lang='lat' dir='ltr'><strong>quae</strong></span> <span class='ocrx_word' id='word_1_65' title='bbox 2054 1193 2119 1258; x_wconf 91' lang='lat' dir='ltr'><strong>in</strong></span> <span class='ocrx_word' id='word_1_66' title='bbox 2173 1193 2307 1258; x_wconf 88' lang='lat' dir='ltr'><strong>vita</strong></span> <span class='ocrx_word' id='word_1_67' title='bbox 2361 1190 2672 1275; x_wconf 87' lang='lat' dir='ltr'><strong>Apollonii</strong></span> 
     </span>
    </p>
   </div>
   <div class='ocr_carea' id='block_1_5' title="bbox 231 1299 2673 1491">
    <p class='ocr_par' dir='ltr' id='par_1_5' title="bbox 231 1299 2673 1491">
     <span class='ocr_line' id='line_1_9' title="bbox 233 1299 2673 1399; baseline -0.003 -30"><span class='ocrx_word' id='word_1_68' title='bbox 233 1304 343 1387; x_wconf 91' lang='lat' dir='ltr'><strong>(et</strong></span> <span class='ocrx_word' id='word_1_69' title='bbox 382 1301 532 1399; x_wconf 76' lang='lat' dir='ltr'><strong>alibi</strong></span> <span class='ocrx_word' id='word_1_70' title='bbox 573 1301 872 1382; x_wconf 87' lang='lat' dir='ltr'><strong>fortasse)</strong></span> <span class='ocrx_word' id='word_1_71' title='bbox 931 1299 1217 1380; x_wconf 87' lang='lat' dir='ltr'><strong>perlecta</strong></span> <span class='ocrx_word' id='word_1_72' title='bbox 1279 1301 1583 1365; x_wconf 83' lang='lat' dir='ltr'><strong>memoria</strong></span> <span class='ocrx_word' id='word_1_73' title='bbox 1632 1303 1949 1380; x_wconf 86' lang='lat' dir='ltr'><strong>tenuerat,</strong></span> <span class='ocrx_word' id='word_1_74' title='bbox 2019 1316 2387 1381; x_wconf 88' lang='lat' dir='ltr'><strong>quacunque</strong></span> <span class='ocrx_word' id='word_1_75' title='bbox 2428 1299 2673 1364; x_wconf 90' lang='lat' dir='ltr'><strong>ratione</strong></span> 
     </span>
     <span class='ocr_line' id='line_1_10' title="bbox 231 1405 2673 1491; baseline -0.003 -15"><span class='ocrx_word' id='word_1_76' title='bbox 231 1408 648 1491; x_wconf 86' lang='lat' dir='ltr'><strong>descriptioni</strong></span> <span class='ocrx_word' id='word_1_77' title='bbox 703 1425 857 1474; x_wconf 86' lang='lat' dir='ltr'><strong>suae</strong></span> <span class='ocrx_word' id='word_1_78' title='bbox 913 1405 1206 1471; x_wconf 84' lang='lat' dir='ltr'><strong>intexere</strong></span> <span class='ocrx_word' id='word_1_79' title='bbox 1270 1406 1608 1488; x_wconf 86' lang='lat' dir='ltr'><strong>studuisse,</strong></span> <span class='ocrx_word' id='word_1_80' title='bbox 1701 1414 1775 1474; x_wconf 93' lang='lat' dir='ltr'><strong>ut</strong></span> <span class='ocrx_word' id='word_1_81' title='bbox 1833 1406 2177 1473; x_wconf 89' lang='lat' dir='ltr'><strong>multarum</strong></span> <span class='ocrx_word' id='word_1_82' title='bbox 2234 1406 2673 1488; x_wconf 89' lang='lat' dir='ltr'><strong>variarumque</strong></span> 
     </span>
    </p>
   </div>
   <div class='ocr_carea' id='block_1_6' title="bbox 231 1512 1244 1598">
    <p class='ocr_par' dir='ltr' id='par_1_6' title="bbox 231 1512 1244 1598">
     <span class='ocr_line' id='line_1_11' title="bbox 231 1512 1244 1598; baseline -0.005 -16"><span class='ocrx_word' id='word_1_83' title='bbox 231 1537 459 1584; x_wconf 89' lang='lat' dir='ltr'><strong>rerum</strong></span> <span class='ocrx_word' id='word_1_84' title='bbox 502 1514 918 1598; x_wconf 86' lang='lat' dir='ltr'><strong>cognitionem</strong></span> <span class='ocrx_word' id='word_1_85' title='bbox 956 1512 1244 1579; x_wconf 87' lang='lat' dir='ltr'><strong>iactaret.</strong></span> 
     </span>
    </p>
   </div>
   <div class='ocr_carea' id='block_1_7' title="bbox 416 1653 2673 1742">
    <p class='ocr_par' dir='ltr' id='par_1_7' title="bbox 416 1653 2673 1742">
     <span class='ocr_line' id='line_1_12' title="bbox 416 1653 2673 1742; baseline -0.003 -17"><span class='ocrx_word' id='word_1_86' title='bbox 416 1659 481 1742; x_wconf 92' lang='lat' dir='ltr'><strong>c)</strong></span> <span class='ocrx_word' id='word_1_87' title='bbox 521 1658 696 1724; x_wconf 91' lang='lat' dir='ltr'><strong>Haec</strong></span> <span class='ocrx_word' id='word_1_88' title='bbox 739 1655 960 1723; x_wconf 91' lang='lat' dir='ltr'><strong>eadem</strong></span> <span class='ocrx_word' id='word_1_89' title='bbox 1011 1655 1163 1720; x_wconf 91' lang='lat' dir='ltr'><strong>mihi</strong></span> <span class='ocrx_word' id='word_1_90' title='bbox 1214 1673 1404 1721; x_wconf 88' lang='lat' dir='ltr'><strong>causa</strong></span> <span class='ocrx_word' id='word_1_91' title='bbox 1458 1673 1599 1721; x_wconf 90' lang='lat' dir='ltr'><strong>esse</strong></span> <span class='ocrx_word' id='word_1_92' title='bbox 1649 1654 1900 1723; x_wconf 85' lang='lat' dir='ltr'><strong>videtur</strong></span> <span class='ocrx_word' id='word_1_93' title='bbox 1965 1653 2077 1722; x_wconf 94' lang='lat' dir='ltr'><strong>illo</strong></span> <span class='ocrx_word' id='word_1_94' title='bbox 2144 1655 2223 1720; x_wconf 92' lang='lat' dir='ltr'><strong>de</strong></span> <span class='ocrx_word' id='word_1_95' title='bbox 2292 1655 2353 1721; x_wconf 85' lang='lat' dir='ltr'><strong>vi</strong></span> <span class='ocrx_word' id='word_1_96' title='bbox 2417 1673 2673 1723; x_wconf 89' lang='lat' dir='ltr'><strong>ovorum</strong></span> 
     </span>
    </p>
   </div>
   <div class='ocr_carea' id='block_1_8' title="bbox 234 1763 857 1834">
    <p class='ocr_par' dir='ltr' id='par_1_8' title="bbox 234 1763 857 1834">
     <span class='ocr_line' id='line_1_13' title="bbox 234 1763 857 1834; baseline -0.005 -2"><span class='ocrx_word' id='word_1_97' title='bbox 234 1768 681 1834; x_wconf 87' lang='lat' dir='ltr'><strong>noctuinorum</strong></span> <span class='ocrx_word' id='word_1_98' title='bbox 723 1763 857 1830; x_wconf 90' lang='lat' dir='ltr'><strong>loco</strong></span> 
     </span>
    </p>
   </div>
   <div class='ocr_carea' id='block_1_9' title="bbox 236 1906 1413 3907">
    <p class='ocr_par' dir='ltr' id='par_1_9' title="bbox 488 1906 1173 1988">
     <span class='ocr_line' id='line_1_14' title="bbox 488 1906 1173 1988; baseline -0.001 -16"><span class='ocrx_word' id='word_1_99' title='bbox 488 1907 681 1973; x_wconf 85' lang='lat' dir='ltr'><strong>Vita</strong></span> <span class='ocrx_word' id='word_1_100' title='bbox 735 1906 1173 1988; x_wconf 87' lang='lat' dir='ltr'><strong>Apollonii:</strong></span> 
     </span>
    </p>

    <p class='ocr_par' dir='ltr' id='par_1_10' title="bbox 236 2008 1413 3907">
     <span class='ocr_line' id='line_1_15' title="bbox 331 2008 1412 2097; baseline -0.003 -18"><span class='ocrx_word' id='word_1_101' title='bbox 331 2019 454 2080; x_wconf 80' lang='lat'><strong>115</strong></span> <span class='ocrx_word' id='word_1_102' title='bbox 498 2014 633 2096; x_wconf 84' lang='lat'>(25)</span> <span class='ocrx_word' id='word_1_103' title='bbox 697 2010 954 2097; x_wconf 79' lang='grc' dir='ltr'>πατρὸς</span> <span class='ocrx_word' id='word_1_104' title='bbox 996 2013 1056 2077; x_wconf 81' lang='grc' dir='ltr'><strong>δ’</strong></span> <span class='ocrx_word' id='word_1_105' title='bbox 1102 2008 1189 2079; x_wconf 84' lang='grc' dir='ltr'><strong>αὗ</strong></span> <span class='ocrx_word' id='word_1_106' title='bbox 1234 2035 1412 2087; x_wconf 91' lang='grc' dir='ltr'>τινος</span> 
     </span>
     <span class='ocr_line' id='line_1_16' title="bbox 240 2113 1407 2202; baseline -0.003 -15"><span class='ocrx_word' id='word_1_107' title='bbox 240 2119 580 2197; x_wconf 76' lang='grc' dir='ltr'>εἰπόντος,</span> <span class='ocrx_word' id='word_1_108' title='bbox 655 2113 737 2196; x_wconf 77' lang='grc' dir='ltr'><strong>ὣς</strong></span> <span class='ocrx_word' id='word_1_109' title='bbox 778 2122 1075 2200; x_wconf 80' lang='grc' dir='ltr'><strong>γένοιντο</strong></span> <span class='ocrx_word' id='word_1_110' title='bbox 1118 2122 1241 2202; x_wconf 78' lang='grc' dir='ltr'>μὲν</span> <span class='ocrx_word' id='word_1_111' title='bbox 1286 2113 1407 2184; x_wconf 81' lang='grc' dir='ltr'><strong>αὖ·</strong></span> 
     </span>
     <span class='ocr_line' id='line_1_17' title="bbox 236 2221 1412 2318; baseline -0.003 -25"><span class='ocrx_word' id='word_1_112' title='bbox 236 2236 333 2318; x_wconf 74' lang='grc' dir='ltr'>τῷ</span> <span class='ocrx_word' id='word_1_113' title='bbox 418 2226 698 2303; x_wconf 82' lang='grc' dir='ltr'>παῖδες,</span> <span class='ocrx_word' id='word_1_114' title='bbox 817 2221 1249 2290; x_wconf 73' lang='grc' dir='ltr'>ἀποθάνοιεν</span> <span class='ocrx_word' id='word_1_115' title='bbox 1335 2223 1412 2290; x_wconf 79' lang='grc' dir='ltr'><strong>δὲ</strong></span> 
     </span>
     <span class='ocr_line' id='line_1_18' title="bbox 242 2329 1412 2421; baseline -0.005 -21"><span class='ocrx_word' id='word_1_116' title='bbox 242 2330 414 2420; x_wconf 79' lang='grc' dir='ltr'>ὁμοῦ</span> <span class='ocrx_word' id='word_1_117' title='bbox 460 2340 549 2421; x_wconf 81' lang='grc' dir='ltr'>τῷ</span> <span class='ocrx_word' id='word_1_118' title='bbox 589 2329 935 2416; x_wconf 77' lang='grc' dir='ltr'>ἄρξασθαι</span> <span class='ocrx_word' id='word_1_119' title='bbox 968 2329 1153 2396; x_wconf 84' lang='grc' dir='ltr'>οἶνον</span> <span class='ocrx_word' id='word_1_120' title='bbox 1185 2336 1412 2395; x_wconf 81' lang='grc' dir='ltr'>πίνειν</span> 
     </span>
     <span class='ocr_line' id='line_1_19' title="bbox 240 2432 1409 2523; baseline -0.004 -16"><span class='ocrx_word' id='word_1_121' title='bbox 240 2437 612 2522; x_wconf 76' lang='grc' dir='ltr'>ὑπολαβών</span> <span class='ocrx_word' id='word_1_122' title='bbox 655 2436 849 2504; x_wconf 77' lang='grc' dir='ltr'>εἶπεν</span> <span class='ocrx_word' id='word_1_123' title='bbox 894 2432 929 2502; x_wconf 82' lang='grc' dir='ltr'><strong>ὃ</strong></span> <span class='ocrx_word' id='word_1_124' title='bbox 958 2432 1225 2523; x_wconf 82' lang='grc' dir='ltr'>Ἰάρχας</span> <span class='ocrx_word' id='word_1_125' title='bbox 1271 2485 1285 2498; x_wconf 93' lang='grc'><strong>.</strong></span> <span class='ocrx_word' id='word_1_126' title='bbox 1313 2486 1326 2502; x_wconf 93' lang='grc'><strong>.</strong></span> <span class='ocrx_word' id='word_1_127' title='bbox 1355 2487 1369 2501; x_wconf 90' lang='grc'><strong>.</strong></span> <span class='ocrx_word' id='word_1_128' title='bbox 1396 2486 1409 2502; x_wconf 93' lang='grc'><strong>.</strong></span> 
     </span>
     <span class='ocr_line' id='line_1_20' title="bbox 240 2538 1412 2629; baseline -0.006 -16"><span class='ocrx_word' id='word_1_129' title='bbox 240 2548 487 2613; x_wconf 84' lang='grc' dir='ltr'>οἴνου</span> <span class='ocrx_word' id='word_1_130' title='bbox 557 2547 700 2629; x_wconf 77' lang='grc' dir='ltr'>μὲν</span> <span class='ocrx_word' id='word_1_131' title='bbox 773 2538 912 2611; x_wconf 85' lang='grc' dir='ltr'>οὖν</span> <span class='ocrx_word' id='word_1_132' title='bbox 995 2538 1412 2628; x_wconf 74' lang='grc' dir='ltr'><strong>ἀφεκτέον</strong></span> 
     </span>
     <span class='ocr_line' id='line_1_21' title="bbox 240 2643 1412 2734; baseline -0.005 -15"><span class='ocrx_word' id='word_1_133' title='bbox 240 2661 424 2729; x_wconf 86' lang='grc' dir='ltr'>τοῖς</span> <span class='ocrx_word' id='word_1_134' title='bbox 467 2651 554 2728; x_wconf 72' lang='grc' dir='ltr'><strong>ἐξ</strong></span> <span class='ocrx_word' id='word_1_135' title='bbox 597 2645 851 2734; x_wconf 77' lang='grc' dir='ltr'>ὖμῶν,</span> <span class='ocrx_word' id='word_1_136' title='bbox 923 2643 1026 2725; x_wconf 74' lang='grc' dir='ltr'><strong>ὣς</strong></span> <span class='ocrx_word' id='word_1_137' title='bbox 1074 2650 1163 2714; x_wconf 77' lang='grc' dir='ltr'><strong>δὲ</strong></span> <span class='ocrx_word' id='word_1_138' title='bbox 1203 2648 1412 2733; x_wconf 77' lang='grc' dir='ltr'><strong>μηδὲ</strong></span> 
     </span>
     <span class='ocr_line' id='line_1_22' title="bbox 239 2742 1410 2839; baseline -0.005 -13"><span class='ocrx_word' id='word_1_139' title='bbox 239 2756 327 2837; x_wconf 72' lang='grc' dir='ltr'><strong>ἐς</strong></span> <span class='ocrx_word' id='word_1_140' title='bbox 382 2755 862 2839; x_wconf 74' lang='grc' dir='ltr'>ἐπιθυμίαν</span> <span class='ocrx_word' id='word_1_141' title='bbox 917 2758 1123 2822; x_wconf 80' lang='grc' dir='ltr'>ποτὲ</span> <span class='ocrx_word' id='word_1_142' title='bbox 1168 2742 1410 2820; x_wconf 81' lang='grc' dir='ltr'>οἴνου</span> 
     </span>
     <span class='ocr_line' id='line_1_23' title="bbox 241 2860 1408 2946; baseline -0.006 -15"><span class='ocrx_word' id='word_1_143' title='bbox 241 2870 758 2931; x_wconf 82' lang='grc' dir='ltr'>κατασταῖεν</span> <span class='ocrx_word' id='word_1_144' title='bbox 780 2910 959 2929; x_wconf 90' lang='grc'><strong>.....</strong></span> <span class='ocrx_word' id='word_1_145' title='bbox 992 2860 1135 2946; x_wconf 72' lang='grc' dir='ltr'><strong>τὴν</strong></span> <span class='ocrx_word' id='word_1_146' title='bbox 1176 2862 1408 2943; x_wconf 77' lang='grc' dir='ltr'>γλαῦ-</span> 
     </span>
     <span class='ocr_line' id='line_1_24' title="bbox 241 2963 1409 3055; baseline -0.004 -19"><span class='ocrx_word' id='word_1_147' title='bbox 241 2997 339 3037; x_wconf 83' lang='grc' dir='ltr'><strong>κα</strong></span> <span class='ocrx_word' id='word_1_148' title='bbox 400 2968 537 3055; x_wconf 75' lang='grc' dir='ltr'><strong>τήν</strong></span> <span class='ocrx_word' id='word_1_149' title='bbox 602 2963 835 3055; x_wconf 76' lang='grc' dir='ltr'>ὄρνιν</span> <span class='ocrx_word' id='word_1_150' title='bbox 897 2973 1044 3053; x_wconf 75' lang='grc' dir='ltr'><strong>χρὴ</strong></span> <span class='ocrx_word' id='word_1_151' title='bbox 1106 2963 1409 3051; x_wconf 75' lang='grc' dir='ltr'>ἐπιφυ-</span> 
     </span>
     <span class='ocr_line' id='line_1_25' title="bbox 243 3067 1412 3152; baseline -0.006 -9"><span class='ocrx_word' id='word_1_152' title='bbox 243 3076 602 3152; x_wconf 79' lang='grc' dir='ltr'>λάττειν,</span> <span class='ocrx_word' id='word_1_153' title='bbox 651 3067 740 3140; x_wconf 84' lang='grc' dir='ltr'><strong>οὗ</strong></span> <span class='ocrx_word' id='word_1_154' title='bbox 782 3072 1230 3149; x_wconf 83' lang='grc' dir='ltr'>νεοττεύει,</span> <span class='ocrx_word' id='word_1_155' title='bbox 1276 3077 1412 3137; x_wconf 83' lang='grc' dir='ltr'><strong>καὶ</strong></span> 
     </span>
     <span class='ocr_line' id='line_1_26' title="bbox 243 3175 1411 3270; baseline -0.003 -23"><span class='ocrx_word' id='word_1_156' title='bbox 243 3189 341 3248; x_wconf 80' lang='grc' dir='ltr'>τοὶ</span> <span class='ocrx_word' id='word_1_157' title='bbox 408 3175 511 3270; x_wconf 77' lang='grc' dir='ltr'>ᾦά</span> <span class='ocrx_word' id='word_1_158' title='bbox 581 3179 1034 3246; x_wconf 82' lang='grc' dir='ltr'>σπάσαντα</span> <span class='ocrx_word' id='word_1_159' title='bbox 1102 3178 1411 3245; x_wconf 82' lang='grc' dir='ltr'>δοῦναι</span> 
     </span>
     <span class='ocr_line' id='line_1_27' title="bbox 242 3289 1409 3374; baseline -0.003 -22"><span class='ocrx_word' id='word_1_160' title='bbox 242 3291 697 3374; x_wconf 83' lang='grc' dir='ltr'>μασᾶσθαι</span> <span class='ocrx_word' id='word_1_161' title='bbox 740 3294 846 3373; x_wconf 79' lang='grc' dir='ltr'>τῷ</span> <span class='ocrx_word' id='word_1_162' title='bbox 880 3289 1177 3369; x_wconf 83' lang='grc' dir='ltr'>βρέφει</span> <span class='ocrx_word' id='word_1_163' title='bbox 1222 3306 1409 3368; x_wconf 86' lang='grc' dir='ltr'>συμ-</span> 
     </span>
     <span class='ocr_line' id='line_1_28' title="bbox 243 3388 1411 3479; baseline -0.003 -22"><span class='ocrx_word' id='word_1_164' title='bbox 243 3398 554 3478; x_wconf 75' lang='grc' dir='ltr'>μέτροις</span> <span class='ocrx_word' id='word_1_165' title='bbox 637 3391 990 3479; x_wconf 79' lang='grc' dir='ltr'>ἕψοντα,</span> <span class='ocrx_word' id='word_1_166' title='bbox 1106 3388 1179 3456; x_wconf 82' lang='grc' dir='ltr'>εἷ</span> <span class='ocrx_word' id='word_1_167' title='bbox 1259 3389 1411 3475; x_wconf 76' lang='grc' dir='ltr'><strong>γάρ</strong></span> 
     </span>
     <span class='ocr_line' id='line_1_29' title="bbox 242 3495 1413 3583; baseline -0.003 -20"><span class='ocrx_word' id='word_1_168' title='bbox 242 3497 671 3583; x_wconf 86' lang='grc' dir='ltr'>βρώσεταί</span> <span class='ocrx_word' id='word_1_169' title='bbox 708 3523 783 3562; x_wconf 91' lang='grc' dir='ltr'><strong>τι</strong></span> <span class='ocrx_word' id='word_1_170' title='bbox 826 3495 1167 3575; x_wconf 77' lang='grc' dir='ltr'>τούτων,</span> <span class='ocrx_word' id='word_1_171' title='bbox 1213 3501 1413 3582; x_wconf 83' lang='grc' dir='ltr'>πρὶν</span> 
     </span>
     <span class='ocr_line' id='line_1_30' title="bbox 245 3601 1412 3687; baseline -0.004 -14"><span class='ocrx_word' id='word_1_172' title='bbox 245 3609 483 3674; x_wconf 82' lang='grc' dir='ltr'>οἴνου</span> <span class='ocrx_word' id='word_1_173' title='bbox 598 3601 1037 3685; x_wconf 78' lang='grc' dir='ltr'>γεύσεται,</span> <span class='ocrx_word' id='word_1_174' title='bbox 1161 3611 1412 3687; x_wconf 84' lang='grc' dir='ltr'>μῖσος</span> 
     </span>
     <span class='ocr_line' id='line_1_31' title="bbox 243 3704 1407 3803; baseline -0.004 -23"><span class='ocrx_word' id='word_1_175' title='bbox 243 3710 463 3803; x_wconf 74' lang='grc' dir='ltr'>αὐτῷ</span> <span class='ocrx_word' id='word_1_176' title='bbox 523 3709 731 3797; x_wconf 83' lang='grc' dir='ltr'>πρὸς</span> <span class='ocrx_word' id='word_1_177' title='bbox 776 3708 920 3774; x_wconf 83' lang='grc' dir='ltr'><strong>τὸν</strong></span> <span class='ocrx_word' id='word_1_178' title='bbox 985 3707 1216 3775; x_wconf 80' lang='grc' dir='ltr'>οἶνον</span> <span class='ocrx_word' id='word_1_179' title='bbox 1281 3704 1407 3793; x_wconf 81' lang='grc' dir='ltr'><strong>ἕμ-</strong></span> 
     </span>
     <span class='ocr_line' id='line_1_32' title="bbox 241 3817 971 3907; baseline -0.015 -20"><span class='ocrx_word' id='word_1_180' title='bbox 241 3817 602 3907; x_wconf 80' lang='grc' dir='ltr'><strong>φύσεται</strong></span> <span class='ocrx_word' id='word_1_181' title='bbox 642 3863 971 3882; x_wconf 89' lang='grc'><strong>......</strong></span> 
     </span>
    </p>
   </div>
   <div class='ocr_carea' id='block_1_10' title="bbox 266 4065 686 4074">
    <p class='ocr_par' dir='ltr' id='par_1_11' title="bbox 266 4065 686 4074">
     <span class='ocr_line' id='line_1_33' title="bbox 266 4065 686 4074; baseline 0 1068"><span class='ocrx_word' id='word_1_182' title='bbox 266 4065 686 4074; x_wconf 95' lang='lat' dir='ltr'><strong> </strong></span> 
     </span>
    </p>
   </div>
   <div class='ocr_carea' id='block_1_11' title="bbox 1509 1904 2681 3899">
    <p class='ocr_par' dir='ltr' id='par_1_12' title="bbox 1690 1904 2492 1986">
     <span class='ocr_line' id='line_1_34' title="bbox 1690 1904 2492 1986; baseline 0.002 -16"><span class='ocrx_word' id='word_1_183' title='bbox 1690 1904 2096 1986; x_wconf 87' lang='lat' dir='ltr'><strong>Imagines</strong></span> <span class='ocrx_word' id='word_1_184' title='bbox 2138 1905 2492 1986; x_wconf 87' lang='lat' dir='ltr'><strong>priores:</strong></span> 
     </span>
    </p>

    <p class='ocr_par' dir='ltr' id='par_1_13' title="bbox 1509 2003 2681 3899">
     <span class='ocr_line' id='line_1_35' title="bbox 1595 2003 2674 2097; baseline 0.002 -21"><span class='ocrx_word' id='word_1_185' title='bbox 1595 2014 1717 2077; x_wconf 83' lang='lat'><strong>366</strong></span> <span class='ocrx_word' id='word_1_186' title='bbox 1761 2012 1898 2096; x_wconf 86' lang='lat'><strong>(23)</strong></span> <span class='ocrx_word' id='word_1_187' title='bbox 1951 2003 2364 2097; x_wconf 70' lang='grc' dir='ltr'><strong><em>ἀμφιλαφεῖς</em></strong></span> <span class='ocrx_word' id='word_1_188' title='bbox 2401 2012 2459 2077; x_wconf 81' lang='grc' dir='ltr'><strong>δ’</strong></span> <span class='ocrx_word' id='word_1_189' title='bbox 2507 2008 2674 2078; x_wconf 70' lang='grc' dir='ltr'>οὕτω</span> 
     </span>
     <span class='ocr_line' id='line_1_36' title="bbox 1511 2114 2672 2203; baseline 0.003 -22"><span class='ocrx_word' id='word_1_190' title='bbox 1511 2142 1574 2182; x_wconf 92' lang='grc' dir='ltr'><strong>τι</strong></span> <span class='ocrx_word' id='word_1_191' title='bbox 1620 2117 1685 2184; x_wconf 76' lang='grc' dir='ltr'><strong>οἱ</strong></span> <span class='ocrx_word' id='word_1_192' title='bbox 1726 2115 1988 2203; x_wconf 83' lang='grc' dir='ltr'>βότρυς,</span> <span class='ocrx_word' id='word_1_193' title='bbox 2057 2114 2143 2194; x_wconf 82' lang='grc' dir='ltr'><strong>ὡς</strong></span> <span class='ocrx_word' id='word_1_194' title='bbox 2196 2123 2309 2183; x_wconf 84' lang='grc' dir='ltr'><strong>καὶ</strong></span> <span class='ocrx_word' id='word_1_195' title='bbox 2360 2127 2490 2184; x_wconf 81' lang='grc' dir='ltr'><strong>τῶν</strong></span> <span class='ocrx_word' id='word_1_196' title='bbox 2548 2143 2672 2184; x_wconf 89' lang='grc' dir='ltr'><strong>πε-</strong></span> 
     </span>
     <span class='ocr_line' id='line_1_37' title="bbox 1510 2221 2672 2312; baseline 0 -25"><span class='ocrx_word' id='word_1_197' title='bbox 1510 2231 1683 2309; x_wconf 82' lang='grc' dir='ltr'>τρῶν</span> <span class='ocrx_word' id='word_1_198' title='bbox 1725 2221 2166 2308; x_wconf 68' lang='grc' dir='ltr'>ἀπηρτῆσθαι</span> <span class='ocrx_word' id='word_1_199' title='bbox 2225 2230 2337 2289; x_wconf 83' lang='grc' dir='ltr'><strong>καὶ</strong></span> <span class='ocrx_word' id='word_1_200' title='bbox 2395 2226 2473 2312; x_wconf 80' lang='grc' dir='ltr'>τῇ</span> <span class='ocrx_word' id='word_1_201' title='bbox 2536 2229 2672 2289; x_wconf 87' lang='grc' dir='ltr'><strong>θα-</strong></span> 
     </span>
     <span class='ocr_line' id='line_1_38' title="bbox 1511 2327 2673 2420; baseline 0.001 -26"><span class='ocrx_word' id='word_1_202' title='bbox 1511 2327 1715 2420; x_wconf 79' lang='grc' dir='ltr'>λάττῃ</span> <span class='ocrx_word' id='word_1_203' title='bbox 1803 2327 2336 2417; x_wconf 75' lang='grc' dir='ltr'>ἐπικρέμασθαι,</span> <span class='ocrx_word' id='word_1_204' title='bbox 2422 2327 2673 2417; x_wconf 77' lang='grc' dir='ltr'>ὀπωρί-</span> 
     </span>
     <span class='ocr_line' id='line_1_39' title="bbox 1511 2436 2673 2523; baseline 0.002 -24"><span class='ocrx_word' id='word_1_205' title='bbox 1511 2437 1705 2512; x_wconf 79' lang='grc' dir='ltr'>ζουσι</span> <span class='ocrx_word' id='word_1_206' title='bbox 1778 2461 1851 2502; x_wconf 90' lang='grc' dir='ltr'><strong>τε</strong></span> <span class='ocrx_word' id='word_1_207' title='bbox 1925 2436 2467 2523; x_wconf 83' lang='grc' dir='ltr'>προσπετόμενοι</span> <span class='ocrx_word' id='word_1_208' title='bbox 2537 2442 2673 2502; x_wconf 88' lang='grc' dir='ltr'><strong>θα-</strong></span> 
     </span>
     <span class='ocr_line' id='line_1_40' title="bbox 1511 2537 2672 2627; baseline 0.001 -21"><span class='ocrx_word' id='word_1_209' title='bbox 1511 2540 1777 2608; x_wconf 82' lang='grc' dir='ltr'>λάττιοί</span> <span class='ocrx_word' id='word_1_210' title='bbox 1817 2566 1888 2608; x_wconf 88' lang='grc' dir='ltr'><strong>τε</strong></span> <span class='ocrx_word' id='word_1_211' title='bbox 1930 2547 2043 2607; x_wconf 83' lang='grc' dir='ltr'><strong>καὶ</strong></span> <span class='ocrx_word' id='word_1_212' title='bbox 2086 2537 2460 2627; x_wconf 71' lang='grc' dir='ltr'>ἧπειροῖται</span> <span class='ocrx_word' id='word_1_213' title='bbox 2493 2538 2672 2626; x_wconf 78' lang='grc' dir='ltr'>ὄρνι-</span> 
     </span>
     <span class='ocr_line' id='line_1_41' title="bbox 1510 2645 2675 2733; baseline 0.002 -21"><span class='ocrx_word' id='word_1_214' title='bbox 1510 2651 1659 2725; x_wconf 88' lang='grc' dir='ltr'>θες,</span> <span class='ocrx_word' id='word_1_215' title='bbox 1746 2651 1885 2733; x_wconf 84' lang='grc' dir='ltr'><strong>τὴν</strong></span> <span class='ocrx_word' id='word_1_216' title='bbox 1955 2648 2113 2732; x_wconf 77' lang='grc' dir='ltr'><strong>γάρ</strong></span> <span class='ocrx_word' id='word_1_217' title='bbox 2188 2645 2579 2732; x_wconf 80' lang='grc' dir='ltr'>ἄμπελον</span> <span class='ocrx_word' id='word_1_218' title='bbox 2641 2645 2675 2714; x_wconf 84' lang='grc' dir='ltr'><strong>ὃ</strong></span> 
     </span>
     <span class='ocr_line' id='line_1_42' title="bbox 1509 2751 2679 2841; baseline 0.001 -23"><span class='ocrx_word' id='word_1_219' title='bbox 1509 2751 1923 2831; x_wconf 81' lang='grc' dir='ltr'>Διόνυσος</span> <span class='ocrx_word' id='word_1_220' title='bbox 1987 2759 2339 2839; x_wconf 81' lang='grc' dir='ltr'>παρέχει</span> <span class='ocrx_word' id='word_1_221' title='bbox 2398 2753 2679 2841; x_wconf 76' lang='grc' dir='ltr'>κοινὴν</span> 
     </span>
     <span class='ocr_line' id='line_1_43' title="bbox 1513 2857 2676 2945; baseline 0.001 -21"><span class='ocrx_word' id='word_1_222' title='bbox 1513 2867 1730 2924; x_wconf 83' lang='grc' dir='ltr'>πᾶσι</span> <span class='ocrx_word' id='word_1_223' title='bbox 1798 2859 2005 2944; x_wconf 74' lang='grc' dir='ltr'>πλὴν</span> <span class='ocrx_word' id='word_1_224' title='bbox 2073 2863 2208 2945; x_wconf 80' lang='grc' dir='ltr'>τῆς</span> <span class='ocrx_word' id='word_1_225' title='bbox 2292 2857 2676 2940; x_wconf 78' lang='grc' dir='ltr'><strong>γλαυκός,</strong></span> 
     </span>
     <span class='ocr_line' id='line_1_44' title="bbox 1511 2961 2677 3051; baseline 0.001 -20"><span class='ocrx_word' id='word_1_226' title='bbox 1511 2961 1956 3050; x_wconf 78' lang='grc' dir='ltr'>ἕκείνηνδὲ</span> <span class='ocrx_word' id='word_1_227' title='bbox 1987 2965 2240 3051; x_wconf 87' lang='grc' dir='ltr'>μόνην</span> <span class='ocrx_word' id='word_1_228' title='bbox 2269 2964 2428 3051; x_wconf 78' lang='grc' dir='ltr'><strong>ἄρα</strong></span> <span class='ocrx_word' id='word_1_229' title='bbox 2460 2962 2677 3032; x_wconf 85' lang='grc' dir='ltr'>ἀπω-</span> 
     </span>
     <span class='ocr_line' id='line_1_45' title="bbox 1513 3069 2674 3159; baseline 0.003 -24"><span class='ocrx_word' id='word_1_230' title='bbox 1513 3076 1802 3136; x_wconf 88' lang='grc' dir='ltr'>θεῖται</span> <span class='ocrx_word' id='word_1_231' title='bbox 1830 3079 1981 3136; x_wconf 82' lang='grc' dir='ltr'><strong>τῶν</strong></span> <span class='ocrx_word' id='word_1_232' title='bbox 2017 3072 2418 3159; x_wconf 81' lang='grc' dir='ltr'>βοτρύων,</span> <span class='ocrx_word' id='word_1_233' title='bbox 2448 3069 2674 3139; x_wconf 79' lang='grc' dir='ltr'>ἕπει-</span> 
     </span>
     <span class='ocr_line' id='line_1_46' title="bbox 1514 3171 2675 3264; baseline 0.003 -24"><span class='ocrx_word' id='word_1_234' title='bbox 1514 3177 1608 3261; x_wconf 79' lang='grc' dir='ltr'><strong>δὴ</strong></span> <span class='ocrx_word' id='word_1_235' title='bbox 1676 3184 1862 3254; x_wconf 82' lang='grc' dir='ltr'>τοῖς</span> <span class='ocrx_word' id='word_1_236' title='bbox 1927 3171 2427 3264; x_wconf 81' lang='grc' dir='ltr'>ἀνθρώποις</span> <span class='ocrx_word' id='word_1_237' title='bbox 2495 3180 2675 3246; x_wconf 82' lang='grc' dir='ltr'>δια-</span> 
     </span>
     <span class='ocr_line' id='line_1_47' title="bbox 1511 3281 2672 3374; baseline 0.003 -27"><span class='ocrx_word' id='word_1_238' title='bbox 1511 3281 1797 3365; x_wconf 77' lang='grc' dir='ltr'>βάλλει</span> <span class='ocrx_word' id='word_1_239' title='bbox 1841 3282 1981 3349; x_wconf 82' lang='grc' dir='ltr'><strong>τὸν</strong></span> <span class='ocrx_word' id='word_1_240' title='bbox 2029 3283 2297 3350; x_wconf 88' lang='grc' dir='ltr'>οἶνον·</span> <span class='ocrx_word' id='word_1_241' title='bbox 2365 3284 2476 3374; x_wconf 72' lang='grc' dir='ltr'>ῴά</span> <span class='ocrx_word' id='word_1_242' title='bbox 2520 3291 2672 3367; x_wconf 74' lang='grc' dir='ltr'><strong>γάρ</strong></span> 
     </span>
     <span class='ocr_line' id='line_1_48' title="bbox 1512 3389 2675 3475; baseline 0.003 -23"><span class='ocrx_word' id='word_1_243' title='bbox 1512 3390 1646 3472; x_wconf 84' lang='grc' dir='ltr'><strong>τῆς</strong></span> <span class='ocrx_word' id='word_1_244' title='bbox 1690 3389 2053 3469; x_wconf 80' lang='grc' dir='ltr'><strong>γλαυκὸς</strong></span> <span class='ocrx_word' id='word_1_245' title='bbox 2095 3389 2456 3475; x_wconf 80' lang='grc' dir='ltr'>εἷφάγοι</span> <span class='ocrx_word' id='word_1_246' title='bbox 2488 3415 2675 3456; x_wconf 87' lang='grc' dir='ltr'>παι-</span> 
     </span>
     <span class='ocr_line' id='line_1_49' title="bbox 1513 3493 2673 3580; baseline 0.003 -21"><span class='ocrx_word' id='word_1_247' title='bbox 1513 3493 1705 3560; x_wconf 83' lang='grc' dir='ltr'>δίον</span> <span class='ocrx_word' id='word_1_248' title='bbox 1769 3494 2065 3580; x_wconf 76' lang='grc' dir='ltr'>νήπιὸν</span> <span class='ocrx_word' id='word_1_249' title='bbox 2148 3521 2233 3562; x_wconf 86' lang='grc' dir='ltr'><strong>τε</strong></span> <span class='ocrx_word' id='word_1_250' title='bbox 2299 3502 2433 3562; x_wconf 78' lang='grc' dir='ltr'><strong>καὶ</strong></span> <span class='ocrx_word' id='word_1_251' title='bbox 2504 3493 2673 3562; x_wconf 77' lang='grc' dir='ltr'>ἄοι-</span> 
     </span>
     <span class='ocr_line' id='line_1_50' title="bbox 1513 3597 2681 3691; baseline 0.001 -26"><span class='ocrx_word' id='word_1_252' title='bbox 1513 3603 1753 3681; x_wconf 51' lang='grc' dir='ltr'>νονβ)</span> <span class='ocrx_word' id='word_1_253' title='bbox 1877 3597 2466 3685; x_wconf 83' lang='grc' dir='ltr'>ἀπεχθάνεται</span> <span class='ocrx_word' id='word_1_254' title='bbox 2577 3603 2681 3691; x_wconf 77' lang='grc' dir='ltr'>τῷ</span> 
     </span>
     <span class='ocr_line' id='line_1_51' title="bbox 1513 3705 2676 3796; baseline 0.001 -26"><span class='ocrx_word' id='word_1_255' title='bbox 1513 3706 1705 3796; x_wconf 72' lang='grc' dir='ltr'>οἴνῳ</span> <span class='ocrx_word' id='word_1_256' title='bbox 1759 3708 2051 3773; x_wconf 78' lang='grc' dir='ltr'>πᾶσαν</span> <span class='ocrx_word' id='word_1_257' title='bbox 2115 3708 2255 3794; x_wconf 75' lang='grc' dir='ltr'><strong>τὴν</strong></span> <span class='ocrx_word' id='word_1_258' title='bbox 2314 3705 2676 3793; x_wconf 67' lang='grc' dir='ltr'>ἡλικίαν,</span> 
     </span>
     <span class='ocr_line' id='line_1_52' title="bbox 1509 3808 2677 3899; baseline 0.002 -23"><span class='ocrx_word' id='word_1_259' title='bbox 1509 3817 1623 3876; x_wconf 83' lang='grc' dir='ltr'><strong>καὶ</strong></span> <span class='ocrx_word' id='word_1_260' title='bbox 1667 3809 1802 3879; x_wconf 74' lang='grc' dir='ltr'>οὔτ’</span> <span class='ocrx_word' id='word_1_261' title='bbox 1846 3808 1935 3878; x_wconf 77' lang='grc' dir='ltr'>ἂν</span> <span class='ocrx_word' id='word_1_262' title='bbox 1963 3821 2115 3880; x_wconf 88' lang='grc' dir='ltr'>πίοι</span> <span class='ocrx_word' id='word_1_263' title='bbox 2138 3821 2251 3879; x_wconf 82' lang='grc' dir='ltr'><strong>καὶ</strong></span> <span class='ocrx_word' id='word_1_264' title='bbox 2284 3820 2601 3899; x_wconf 84' lang='grc' dir='ltr'>φοβεῖται</span> <span class='ocrx_word' id='word_1_265' title='bbox 2626 3817 2677 3893; x_wconf 80' lang='lat'><strong>³)</strong></span> 
     </span>
    </p>
   </div>
   <div class='ocr_carea' id='block_1_12' title="bbox 1488 3917 2111 4002">
    <p class='ocr_par' dir='ltr' id='par_1_14' title="bbox 1488 3917 2111 4002">
     <span class='ocr_line' id='line_1_53' title="bbox 1488 3917 2111 4002; baseline -0.002 -16"><span class='ocrx_word' id='word_1_266' title='bbox 1488 3917 1667 3995; x_wconf 77' lang='grc' dir='ltr'>,τους</span> <span class='ocrx_word' id='word_1_267' title='bbox 1707 3918 2111 4002; x_wconf 82' lang='grc' dir='ltr'>μεθύοντας.</span> 
     </span>
    </p>
   </div>
   <div class='ocr_carea' id='block_1_13' title="bbox 245 4110 2675 4280">
    <p class='ocr_par' dir='ltr' id='par_1_15' title="bbox 245 4110 2675 4280">
     <span class='ocr_line' id='line_1_54' title="bbox 392 4110 2675 4184; baseline -0.004 -14"><span class='ocrx_word' id='word_1_268' title='bbox 392 4119 446 4184; x_wconf 88' lang='grc'>1)</span> <span class='ocrx_word' id='word_1_269' title='bbox 485 4115 604 4170; x_wconf 84' lang='lat' dir='ltr'><strong>Hoc</strong></span> <span class='ocrx_word' id='word_1_270' title='bbox 642 4115 709 4170; x_wconf 89' lang='lat' dir='ltr'><strong>de</strong></span> <span class='ocrx_word' id='word_1_271' title='bbox 745 4115 864 4169; x_wconf 92' lang='lat' dir='ltr'><strong>loco</strong></span> <span class='ocrx_word' id='word_1_272' title='bbox 901 4119 967 4168; x_wconf 89' lang='lat' dir='ltr'><strong>ut</strong></span> <span class='ocrx_word' id='word_1_273' title='bbox 1008 4112 1178 4168; x_wconf 84' lang='lat' dir='ltr'><strong>aliter</strong></span> <span class='ocrx_word' id='word_1_274' title='bbox 1215 4129 1467 4167; x_wconf 88' lang='lat' dir='ltr'><strong>censeam</strong></span> <span class='ocrx_word' id='word_1_275' title='bbox 1503 4129 1613 4167; x_wconf 89' lang='lat' dir='ltr'><strong>non</strong></span> <span class='ocrx_word' id='word_1_276' title='bbox 1651 4127 1869 4181; x_wconf 87' lang='lat' dir='ltr'><strong>possum</strong></span> <span class='ocrx_word' id='word_1_277' title='bbox 1907 4111 2108 4167; x_wconf 91' lang='lat' dir='ltr'><strong>adduci</strong></span> <span class='ocrx_word' id='word_1_278' title='bbox 2144 4112 2294 4167; x_wconf 89' lang='lat' dir='ltr'><strong>docti</strong></span> <span class='ocrx_word' id='word_1_279' title='bbox 2331 4112 2481 4167; x_wconf 81' lang='lat' dir='ltr'><strong>illius</strong></span> <span class='ocrx_word' id='word_1_280' title='bbox 2501 4110 2675 4164; x_wconf 89' lang='lat' dir='ltr'><strong>Brun-</strong></span> 
     </span>
     <span class='ocr_line' id='line_1_55' title="bbox 245 4207 2675 4280; baseline -0.002 -14"><span class='ocrx_word' id='word_1_281' title='bbox 245 4211 324 4267; x_wconf 91' lang='lat' dir='ltr'><strong>nii</strong></span> <span class='ocrx_word' id='word_1_282' title='bbox 366 4209 756 4280; x_wconf 85' lang='lat' dir='ltr'><strong>explicatione.</strong></span> <span class='ocrx_word' id='word_1_283' title='bbox 833 4208 1047 4273; x_wconf 82' lang='lat' dir='ltr'><strong>(Jahrb.</strong></span> <span class='ocrx_word' id='word_1_284' title='bbox 1089 4208 1128 4262; x_wconf 89' lang='lat' dir='ltr'><strong>f.</strong></span> <span class='ocrx_word' id='word_1_285' title='bbox 1169 4209 1341 4263; x_wconf 75' lang='lat' dir='ltr'><strong>ClasS.</strong></span> <span class='ocrx_word' id='word_1_286' title='bbox 1393 4207 1669 4277; x_wconf 84' lang='lat' dir='ltr'><strong>Philolog.</strong></span> <span class='ocrx_word' id='word_1_287' title='bbox 1723 4207 1901 4275; x_wconf 87' lang='lat' dir='ltr'><strong>suppl.</strong></span> <span class='ocrx_word' id='word_1_288' title='bbox 1939 4207 2038 4262; x_wconf 89' lang='lat' dir='ltr'><strong>IV.</strong></span> <span class='ocrx_word' id='word_1_289' title='bbox 2088 4207 2415 4276; x_wconf 83' lang='lat'>(1861—67)</span> <span class='ocrx_word' id='word_1_290' title='bbox 2452 4223 2504 4275; x_wconf 86' lang='lat' dir='ltr'><strong>p.</strong></span> <span class='ocrx_word' id='word_1_291' title='bbox 2542 4207 2675 4275; x_wconf 81' lang='lat'><strong>2373</strong></span> 
     </span>
    </p>
   </div>
   <div class='ocr_carea' id='block_1_14' title="bbox 242 4303 1049 4381">
    <p class='ocr_par' dir='ltr' id='par_1_16' title="bbox 242 4303 1049 4381">
     <span class='ocr_line' id='line_1_56' title="bbox 242 4303 1049 4381; baseline -0.009 -19"><span class='ocrx_word' id='word_1_292' title='bbox 242 4305 374 4362; x_wconf 81' lang='lat' dir='ltr'><strong>ibid.</strong></span> <span class='ocrx_word' id='word_1_293' title='bbox 412 4305 579 4381; x_wconf 79' lang='lat' dir='ltr'><strong>xvn</strong></span> <span class='ocrx_word' id='word_1_294' title='bbox 622 4303 808 4373; x_wconf 84' lang='lat'>(1871)</span> <span class='ocrx_word' id='word_1_295' title='bbox 846 4320 897 4371; x_wconf 80' lang='lat' dir='ltr'><strong>p.</strong></span> <span class='ocrx_word' id='word_1_296' title='bbox 941 4305 1049 4369; x_wconf 73' lang='lat'>12).</span> 
     </span>
    </p>
   </div>
   <div class='ocr_carea' id='block_1_15' title="bbox 384 4395 1698 4468">
    <p class='ocr_par' dir='ltr' id='par_1_17' title="bbox 384 4395 1698 4468">
     <span class='ocr_line' id='line_1_57' title="bbox 384 4395 1698 4468; baseline -0.005 -13"><span class='ocrx_word' id='word_1_297' title='bbox 384 4401 442 4468; x_wconf 82' lang='lat'><strong>2)</strong></span> <span class='ocrx_word' id='word_1_298' title='bbox 481 4400 620 4455; x_wconf 88' lang='lat' dir='ltr'><strong>Sem.</strong></span> <span class='ocrx_word' id='word_1_299' title='bbox 660 4397 893 4454; x_wconf 91' lang='lat' dir='ltr'><strong>Vindob.</strong></span> <span class='ocrx_word' id='word_1_300' title='bbox 936 4398 1154 4452; x_wconf 90' lang='lat' dir='ltr'><strong>sodales</strong></span> <span class='ocrx_word' id='word_1_301' title='bbox 1192 4398 1461 4451; x_wconf 85' lang='lat' dir='ltr'><strong>omittunt</strong></span> <span class='ocrx_word' id='word_1_302' title='bbox 1501 4395 1698 4451; x_wconf 86' lang='lat' dir='ltr'><strong>verba:</strong></span> 
     </span>
    </p>
   </div>
   <div class='ocr_carea' id='block_1_16' title="bbox 1770 4393 2530 4468">
    <p class='ocr_par' dir='ltr' id='par_1_18' title="bbox 1770 4393 2530 4468">
     <span class='ocr_line' id='line_1_58' title="bbox 1770 4393 2530 4468; baseline -0.001 -20"><span class='ocrx_word' id='word_1_303' title='bbox 1770 4393 2021 4468; x_wconf 82' lang='grc' dir='ltr'>,,νήπιόν</span> <span class='ocrx_word' id='word_1_304' title='bbox 2055 4414 2113 4450; x_wconf 85' lang='grc' dir='ltr'><strong>τε</strong></span> <span class='ocrx_word' id='word_1_305' title='bbox 2147 4397 2241 4452; x_wconf 79' lang='grc' dir='ltr'><strong>καὶ</strong></span> <span class='ocrx_word' id='word_1_306' title='bbox 2280 4393 2530 4449; x_wconf 83' lang='grc' dir='ltr'>ἄοινον“.</span> 
     </span>
    </p>
   </div>
   <div class='ocr_carea' id='block_1_17' title="bbox 386 4488 1896 4575">
    <p class='ocr_par' dir='ltr' id='par_1_19' title="bbox 386 4488 1896 4575">
     <span class='ocr_line' id='line_1_59' title="bbox 386 4488 1896 4575; baseline -0.001 -25"><span class='ocrx_word' id='word_1_307' title='bbox 386 4497 442 4563; x_wconf 86' lang='grc'>3)</span> <span class='ocrx_word' id='word_1_308' title='bbox 482 4495 636 4549; x_wconf 85' lang='lat' dir='ltr'><strong>Idem</strong></span> <span class='ocrx_word' id='word_1_309' title='bbox 671 4493 958 4575; x_wconf 77' lang='lat' dir='ltr'><strong>exhibent:</strong></span> <span class='ocrx_word' id='word_1_310' title='bbox 1007 4490 1162 4559; x_wconf 65' lang='grc' dir='ltr'>»οὔτ’</span> <span class='ocrx_word' id='word_1_311' title='bbox 1203 4488 1274 4547; x_wconf 77' lang='grc' dir='ltr'>ἂν</span> <span class='ocrx_word' id='word_1_312' title='bbox 1309 4496 1428 4546; x_wconf 77' lang='grc' dir='ltr'>πίοι</span> <span class='ocrx_word' id='word_1_313' title='bbox 1463 4492 1559 4544; x_wconf 83' lang='grc' dir='ltr'><strong>καὶ</strong></span> <span class='ocrx_word' id='word_1_314' title='bbox 1597 4497 1896 4569; x_wconf 72' lang='grc' dir='ltr'>φοβοῖτο“.</span> 
     </span>
    </p>
   </div>
  </div>
 </body>
</html>
