<?xml version="1.0" encoding="UTF-8"?>
<!DOCTYPE html PUBLIC "-//W3C//DTD XHTML 1.0 Transitional//EN"
    "http://www.w3.org/TR/xhtml1/DTD/xhtml1-transitional.dtd">
<html xmlns="http://www.w3.org/1999/xhtml" xml:lang="en" lang="en">
 <head>
  <title>
</title>
<meta http-equiv="Content-Type" content="text/html;charset=utf-8" />
  <meta name='ocr-system' content='tesseract 3.04.00' />
  <meta name='ocr-capabilities' content='ocr_page ocr_carea ocr_par ocr_line ocrx_word'/>
</head>
<body>
  <div class='ocr_page' id='page_1' title='image "./dephilostratiss00fertgoog_0052.png"; bbox 0 0 3109 5142; ppageno 0'>
   <div class='ocr_carea' id='block_1_1' title="bbox 1398 400 1807 468">
    <p class='ocr_par' dir='ltr' id='par_1_1' title="bbox 1398 400 1807 468">
     <span class='ocr_line' id='line_1_1' title="bbox 1398 400 1807 468; baseline -0.002 -18"><span class='ocrx_word' id='word_1_1' title='bbox 1398 432 1474 450; x_wconf 83' lang='lat'>...</span> <span class='ocrx_word' id='word_1_2' title='bbox 1560 400 1807 468; x_wconf 57' lang='lat'>50⁴4..</span> 
     </span>
    </p>
   </div>
   <div class='ocr_carea' id='block_1_2' title="bbox 388 580 2847 3214">
    <p class='ocr_par' dir='ltr' id='par_1_2' title="bbox 393 580 2835 1411">
     <span class='ocr_line' id='line_1_2' title="bbox 555 580 2824 668; baseline -0.003 -15"><span class='ocrx_word' id='word_1_3' title='bbox 555 585 737 653; x_wconf 89' lang='lat' dir='ltr'>Vitas</span> <span class='ocrx_word' id='word_1_4' title='bbox 778 585 1197 668; x_wconf 81' lang='lat' dir='ltr'><strong>sophistarum</strong></span> <span class='ocrx_word' id='word_1_5' title='bbox 1245 583 1355 667; x_wconf 91' lang='lat' dir='ltr'>qui</span> <span class='ocrx_word' id='word_1_6' title='bbox 1395 583 1683 666; x_wconf 78' lang='lat' dir='ltr'><strong>confecit,</strong></span> <span class='ocrx_word' id='word_1_7' title='bbox 1729 602 1873 650; x_wconf 90' lang='lat' dir='ltr'>eum</span> <span class='ocrx_word' id='word_1_8' title='bbox 1916 582 2111 649; x_wconf 88' lang='lat' dir='ltr'>vitam</span> <span class='ocrx_word' id='word_1_9' title='bbox 2155 580 2466 665; x_wconf 90' lang='lat' dir='ltr'>Apollonii</span> <span class='ocrx_word' id='word_1_10' title='bbox 2509 587 2577 649; x_wconf 93' lang='lat' dir='ltr'>et</span> <span class='ocrx_word' id='word_1_11' title='bbox 2619 582 2824 664; x_wconf 80' lang='lat' dir='ltr'><strong>ipsam</strong></span> 
     </span>
     <span class='ocr_line' id='line_1_3' title="bbox 393 689 2828 776; baseline -0.002 -16"><span class='ocrx_word' id='word_1_12' title='bbox 393 693 796 776; x_wconf 82' lang='lat' dir='ltr'>descripsisse</span> <span class='ocrx_word' id='word_1_13' title='bbox 841 698 1109 774; x_wconf 89' lang='lat' dir='ltr'>apparet</span> <span class='ocrx_word' id='word_1_14' title='bbox 1152 711 1290 757; x_wconf 91' lang='lat' dir='ltr'>cum</span> <span class='ocrx_word' id='word_1_15' title='bbox 1346 710 1428 756; x_wconf 84' lang='lat' dir='ltr'>ex</span> <span class='ocrx_word' id='word_1_16' title='bbox 1457 691 1706 776; x_wconf 33' lang='lat' dir='ltr'>Suidae,</span> <span class='ocrx_word' id='word_1_17' title='bbox 1733 689 2094 757; x_wconf 88' lang='lat' dir='ltr'>testimonio</span> <span class='ocrx_word' id='word_1_18' title='bbox 2137 693 2272 763; x_wconf 89' lang='lat' dir='ltr'>tum</span> <span class='ocrx_word' id='word_1_19' title='bbox 2317 708 2394 754; x_wconf 86' lang='lat' dir='ltr'>ex</span> <span class='ocrx_word' id='word_1_20' title='bbox 2433 689 2543 754; x_wconf 93' lang='lat' dir='ltr'>illo</span> <span class='ocrx_word' id='word_1_21' title='bbox 2586 690 2651 754; x_wconf 93' lang='lat' dir='ltr'>in</span> <span class='ocrx_word' id='word_1_22' title='bbox 2680 689 2828 755; x_wconf 90' lang='lat' dir='ltr'>vitis</span> 
     </span>
     <span class='ocr_line' id='line_1_4' title="bbox 394 790 2825 883; baseline -0.005 -15"><span class='ocrx_word' id='word_1_23' title='bbox 394 801 813 883; x_wconf 76' lang='lat' dir='ltr'>sophistarum</span> <span class='ocrx_word' id='word_1_24' title='bbox 856 800 1024 864; x_wconf 76' lang='lat' dir='ltr'>loco&#39;:</span> <span class='ocrx_word' id='word_1_25' title='bbox 1071 804 1148 863; x_wconf 85' lang='lat'>77</span> <span class='ocrx_word' id='word_1_26' title='bbox 1183 797 1276 882; x_wconf 83' lang='lat'>(5)</span> <span class='ocrx_word' id='word_1_27' title='bbox 1320 807 1566 876; x_wconf 61' lang='grc' dir='ltr'><strong><em>»τοῦτο</em></strong></span> <span class='ocrx_word' id='word_1_28' title='bbox 1609 800 1732 881; x_wconf 80' lang='grc' dir='ltr'>μὲν</span> <span class='ocrx_word' id='word_1_29' title='bbox 1777 795 1854 882; x_wconf 78' lang='grc' dir='ltr'>δὴ</span> <span class='ocrx_word' id='word_1_30' title='bbox 1904 793 2189 872; x_wconf 78' lang='grc' dir='ltr'><strong><em>ὁπόσοις</em></strong></span> <span class='ocrx_word' id='word_1_31' title='bbox 2232 793 2509 879; x_wconf 83' lang='grc' dir='ltr'><strong><em>τρόποις</em></strong></span> <span class='ocrx_word' id='word_1_32' title='bbox 2550 790 2825 859; x_wconf 73' lang='grc' dir='ltr'><strong><em>ἀπίθα-</em></strong></span> 
     </span>
     <span class='ocr_line' id='line_1_5' title="bbox 395 897 2831 992; baseline -0.002 -23"><span class='ocrx_word' id='word_1_33' title='bbox 395 928 533 981; x_wconf 87' lang='grc' dir='ltr'><strong><em>νον,</em></strong></span> <span class='ocrx_word' id='word_1_34' title='bbox 578 906 832 992; x_wconf 79' lang='grc' dir='ltr'><strong><em>εἴρηται</em></strong></span> <span class='ocrx_word' id='word_1_35' title='bbox 877 913 1112 988; x_wconf 83' lang='grc' dir='ltr'><strong><em>σαφῶς</em></strong></span> <span class='ocrx_word' id='word_1_36' title='bbox 1153 900 1228 969; x_wconf 77' lang='grc' dir='ltr'>ἕν</span> <span class='ocrx_word' id='word_1_37' title='bbox 1270 912 1409 980; x_wconf 81' lang='grc' dir='ltr'><strong><em>τοῖς</em></strong></span> <span class='ocrx_word' id='word_1_38' title='bbox 1448 900 1519 980; x_wconf 74' lang='grc' dir='ltr'>ἐς</span> <span class='ocrx_word' id='word_1_39' title='bbox 1550 897 2070 969; x_wconf 71' lang='grc' dir='ltr'><strong><em>Ἄπολλώνιον.“</em></strong></span> <span class='ocrx_word' id='word_1_40' title='bbox 2110 900 2372 967; x_wconf 81' lang='lat' dir='ltr'>Accedit</span> <span class='ocrx_word' id='word_1_41' title='bbox 2394 907 2734 981; x_wconf 84' lang='lat' dir='ltr'>autem‚—</span> <span class='ocrx_word' id='word_1_42' title='bbox 2762 898 2831 964; x_wconf 86' lang='lat' dir='ltr'>id</span> 
     </span>
     <span class='ocr_line' id='line_1_6' title="bbox 394 1006 2834 1094; baseline -0.003 -17"><span class='ocrx_word' id='word_1_43' title='bbox 394 1011 556 1094; x_wconf 91' lang='lat' dir='ltr'>quod</span> <span class='ocrx_word' id='word_1_44' title='bbox 600 1011 942 1076; x_wconf 81' lang='lat' dir='ltr'>maximum</span> <span class='ocrx_word' id='word_1_45' title='bbox 987 1016 1086 1075; x_wconf 92' lang='lat' dir='ltr'>est</span> <span class='ocrx_word' id='word_1_46' title='bbox 1129 1047 1212 1056; x_wconf 94' lang='lat'><em>-</em></span> <span class='ocrx_word' id='word_1_47' title='bbox 1254 1015 1328 1075; x_wconf 96' lang='lat' dir='ltr'>ut</span> <span class='ocrx_word' id='word_1_48' title='bbox 1383 1009 1630 1075; x_wconf 89' lang='lat' dir='ltr'>dicendi</span> <span class='ocrx_word' id='word_1_49' title='bbox 1695 1027 1929 1091; x_wconf 83' lang='lat' dir='ltr'>genere</span> <span class='ocrx_word' id='word_1_50' title='bbox 2000 1008 2167 1073; x_wconf 88' lang='lat' dir='ltr'>vitae</span> <span class='ocrx_word' id='word_1_51' title='bbox 2238 1006 2498 1088; x_wconf 87' lang='lat' dir='ltr'>sophist.</span> <span class='ocrx_word' id='word_1_52' title='bbox 2565 1012 2632 1070; x_wconf 91' lang='lat' dir='ltr'>et</span> <span class='ocrx_word' id='word_1_53' title='bbox 2698 1006 2834 1070; x_wconf 87' lang='lat' dir='ltr'>vita.</span> 
     </span>
     <span class='ocr_line' id='line_1_7' title="bbox 396 1112 2835 1199; baseline -0.002 -19"><span class='ocrx_word' id='word_1_54' title='bbox 396 1117 707 1198; x_wconf 86' lang='lat' dir='ltr'>Apollonii</span> <span class='ocrx_word' id='word_1_55' title='bbox 762 1117 949 1199; x_wconf 89' lang='lat' dir='ltr'>plane</span> <span class='ocrx_word' id='word_1_56' title='bbox 1013 1117 1182 1182; x_wconf 88' lang='lat' dir='ltr'>inter</span> <span class='ocrx_word' id='word_1_57' title='bbox 1248 1135 1317 1181; x_wconf 91' lang='lat' dir='ltr'>se</span> <span class='ocrx_word' id='word_1_58' title='bbox 1381 1116 1772 1183; x_wconf 84' lang='lat' dir='ltr'>conveniant.</span> <span class='ocrx_word' id='word_1_59' title='bbox 1858 1115 2070 1179; x_wconf 81' lang='lat' dir='ltr'>Vitam</span> <span class='ocrx_word' id='word_1_60' title='bbox 2106 1112 2442 1196; x_wconf 70' lang='lat' dir='ltr'>&#39;Apollonii</span> <span class='ocrx_word' id='word_1_61' title='bbox 2504 1112 2701 1194; x_wconf 89' lang='lat' dir='ltr'>igitur</span> <span class='ocrx_word' id='word_1_62' title='bbox 2763 1118 2835 1176; x_wconf 89' lang='lat' dir='ltr'>et</span> 
     </span>
     <span class='ocr_line' id='line_1_8' title="bbox 396 1218 2833 1304; baseline -0.002 -16"><span class='ocrx_word' id='word_1_63' title='bbox 396 1226 558 1289; x_wconf 89' lang='lat' dir='ltr'>vitas</span> <span class='ocrx_word' id='word_1_64' title='bbox 600 1223 1021 1304; x_wconf 82' lang='lat' dir='ltr'>sophistarum</span> <span class='ocrx_word' id='word_1_65' title='bbox 1064 1221 1143 1287; x_wconf 92' lang='lat' dir='ltr'>ab</span> <span class='ocrx_word' id='word_1_66' title='bbox 1185 1240 1308 1288; x_wconf 92' lang='lat' dir='ltr'>uno</span> <span class='ocrx_word' id='word_1_67' title='bbox 1351 1229 1544 1304; x_wconf 91' lang='lat' dir='ltr'>atque</span> <span class='ocrx_word' id='word_1_68' title='bbox 1576 1222 1794 1288; x_wconf 89' lang='lat' dir='ltr'>eodem</span> <span class='ocrx_word' id='word_1_69' title='bbox 1825 1220 2108 1303; x_wconf 88' lang='lat' dir='ltr'>sophista</span> <span class='ocrx_word' id='word_1_70' title='bbox 2134 1257 2207 1269; x_wconf 72' lang='lat'>--</span> <span class='ocrx_word' id='word_1_71' title='bbox 2234 1219 2619 1285; x_wconf 80' lang='lat' dir='ltr'>Philostrato</span> <span class='ocrx_word' id='word_1_72' title='bbox 2642 1218 2723 1284; x_wconf 88' lang='grc' dir='ltr'>ΙΙ.</span> <span class='ocrx_word' id='word_1_73' title='bbox 2750 1253 2833 1265; x_wconf 89' lang='grc'>-</span> 
     </span>
     <span class='ocr_line' id='line_1_9' title="bbox 394 1329 1675 1411; baseline 0 -16"><span class='ocrx_word' id='word_1_74' title='bbox 394 1329 663 1411; x_wconf 88' lang='lat' dir='ltr'>scriptas</span> <span class='ocrx_word' id='word_1_75' title='bbox 707 1347 848 1395; x_wconf 90' lang='lat' dir='ltr'>esse</span> <span class='ocrx_word' id='word_1_76' title='bbox 898 1330 1134 1411; x_wconf 90' lang='lat' dir='ltr'>optimo</span> <span class='ocrx_word' id='word_1_77' title='bbox 1170 1329 1317 1410; x_wconf 88' lang='lat' dir='ltr'>jure</span> <span class='ocrx_word' id='word_1_78' title='bbox 1361 1329 1616 1395; x_wconf 82' lang='lat' dir='ltr'>dixeris.</span> <span class='ocrx_word' id='word_1_79' title='bbox 1662 1329 1675 1340; x_wconf 82' lang='lat'><strong>‘</strong></span> 
     </span>
    </p>

    <p class='ocr_par' dir='ltr' id='par_1_3' title="bbox 397 1435 2839 1836">
     <span class='ocr_line' id='line_1_10' title="bbox 562 1435 2839 1518; baseline -0.001 -17"><span class='ocrx_word' id='word_1_80' title='bbox 562 1437 648 1502; x_wconf 93' lang='lat' dir='ltr'>Et</span> <span class='ocrx_word' id='word_1_81' title='bbox 691 1437 932 1517; x_wconf 91' lang='lat' dir='ltr'>eadem,</span> <span class='ocrx_word' id='word_1_82' title='bbox 1005 1454 1167 1518; x_wconf 91' lang='lat' dir='ltr'>quae</span> <span class='ocrx_word' id='word_1_83' title='bbox 1230 1436 1530 1502; x_wconf 91' lang='lat' dir='ltr'>orationis</span> <span class='ocrx_word' id='word_1_84' title='bbox 1596 1455 1634 1501; x_wconf 92' lang='lat' dir='ltr'>a</span> <span class='ocrx_word' id='word_1_85' title='bbox 1707 1435 2090 1502; x_wconf 81' lang='lat' dir='ltr'>Philostrato</span> <span class='ocrx_word' id='word_1_86' title='bbox 2129 1435 2210 1500; x_wconf 90' lang='lat' dir='ltr'>II.</span> <span class='ocrx_word' id='word_1_87' title='bbox 2276 1437 2621 1514; x_wconf 86' lang='lat' dir='ltr'>usurpatae</span> <span class='ocrx_word' id='word_1_88' title='bbox 2682 1436 2839 1498; x_wconf 91' lang='lat' dir='ltr'>sunt</span> 
     </span>
     <span class='ocr_line' id='line_1_11' title="bbox 397 1537 2838 1625; baseline -0.001 -20"><span class='ocrx_word' id='word_1_89' title='bbox 397 1543 669 1623; x_wconf 85' lang='lat' dir='ltr'>propria,</span> <span class='ocrx_word' id='word_1_90' title='bbox 712 1542 776 1607; x_wconf 92' lang='lat' dir='ltr'>in</span> <span class='ocrx_word' id='word_1_91' title='bbox 820 1542 1224 1625; x_wconf 87' lang='lat' dir='ltr'>Gymnastico</span> <span class='ocrx_word' id='word_1_92' title='bbox 1269 1547 1337 1607; x_wconf 92' lang='lat' dir='ltr'>et</span> <span class='ocrx_word' id='word_1_93' title='bbox 1370 1542 1507 1623; x_wconf 91' lang='lat' dir='ltr'>ipso</span> <span class='ocrx_word' id='word_1_94' title='bbox 1550 1540 1759 1606; x_wconf 89' lang='lat' dir='ltr'>omnia</span> <span class='ocrx_word' id='word_1_95' title='bbox 1800 1540 2031 1621; x_wconf 90' lang='lat' dir='ltr'>inveni,</span> <span class='ocrx_word' id='word_1_96' title='bbox 2074 1546 2145 1605; x_wconf 90' lang='lat' dir='ltr'>ut</span> <span class='ocrx_word' id='word_1_97' title='bbox 2179 1538 2330 1603; x_wconf 91' lang='lat' dir='ltr'>mihi</span> <span class='ocrx_word' id='word_1_98' title='bbox 2364 1539 2496 1620; x_wconf 89' lang='lat' dir='ltr'>jam</span> <span class='ocrx_word' id='word_1_99' title='bbox 2538 1537 2838 1602; x_wconf 86' lang='lat' dir='ltr'>videatur</span> 
     </span>
     <span class='ocr_line' id='line_1_12' title="bbox 398 1642 2832 1731; baseline -0.002 -18"><span class='ocrx_word' id='word_1_100' title='bbox 398 1654 687 1714; x_wconf 86' lang='lat' dir='ltr'>constare</span> <span class='ocrx_word' id='word_1_101' title='bbox 731 1653 922 1731; x_wconf 91' lang='lat' dir='ltr'>atque</span> <span class='ocrx_word' id='word_1_102' title='bbox 963 1668 1078 1731; x_wconf 90' lang='lat' dir='ltr'>pro</span> <span class='ocrx_word' id='word_1_103' title='bbox 1120 1654 1295 1714; x_wconf 90' lang='lat' dir='ltr'>certo</span> <span class='ocrx_word' id='word_1_104' title='bbox 1337 1647 1642 1713; x_wconf 89' lang='lat' dir='ltr'>affirmari</span> <span class='ocrx_word' id='word_1_105' title='bbox 1685 1661 1870 1729; x_wconf 90' lang='lat' dir='ltr'>posse</span> <span class='ocrx_word' id='word_1_106' title='bbox 1911 1648 2096 1731; x_wconf 88' lang='lat' dir='ltr'>hunc,</span> <span class='ocrx_word' id='word_1_107' title='bbox 2142 1647 2249 1728; x_wconf 92' lang='lat' dir='ltr'>qui</span> <span class='ocrx_word' id='word_1_108' title='bbox 2307 1642 2832 1728; x_wconf 85' lang='lat' dir='ltr'>„Gymnasticus“</span> 
     </span>
     <span class='ocr_line' id='line_1_13' title="bbox 397 1748 2745 1836; baseline -0.003 -17"><span class='ocrx_word' id='word_1_109' title='bbox 397 1753 777 1835; x_wconf 86' lang='lat' dir='ltr'>inscribitur,</span> <span class='ocrx_word' id='word_1_110' title='bbox 822 1755 1102 1820; x_wconf 90' lang='lat' dir='ltr'>libellum</span> <span class='ocrx_word' id='word_1_111' title='bbox 1149 1760 1216 1820; x_wconf 95' lang='lat' dir='ltr'>et</span> <span class='ocrx_word' id='word_1_112' title='bbox 1258 1756 1465 1836; x_wconf 89' lang='lat' dir='ltr'>ipsum</span> <span class='ocrx_word' id='word_1_113' title='bbox 1510 1754 1895 1827; x_wconf 87' lang='lat' dir='ltr'>Philostrato</span> <span class='ocrx_word' id='word_1_114' title='bbox 1937 1754 2017 1819; x_wconf 94' lang='lat' dir='ltr'>II.</span> <span class='ocrx_word' id='word_1_115' title='bbox 2066 1772 2205 1818; x_wconf 89' lang='lat' dir='ltr'>esse</span> <span class='ocrx_word' id='word_1_116' title='bbox 2250 1748 2745 1818; x_wconf 86' lang='lat' dir='ltr'>attribuendum.</span> 
     </span>
    </p>

    <p class='ocr_par' dir='ltr' id='par_1_4' title="bbox 388 1854 2847 2670">
     <span class='ocr_line' id='line_1_14' title="bbox 563 1854 2839 1942; baseline -0.003 -17"><span class='ocrx_word' id='word_1_117' title='bbox 563 1862 649 1926; x_wconf 90' lang='lat' dir='ltr'>At</span> <span class='ocrx_word' id='word_1_118' title='bbox 698 1861 1037 1928; x_wconf 89' lang='lat' dir='ltr'>Heroicum</span> <span class='ocrx_word' id='word_1_119' title='bbox 1095 1868 1162 1927; x_wconf 91' lang='lat' dir='ltr'>et</span> <span class='ocrx_word' id='word_1_120' title='bbox 1219 1860 1532 1941; x_wconf 85' lang='lat' dir='ltr'>Imagines</span> <span class='ocrx_word' id='word_1_121' title='bbox 1586 1861 1830 1942; x_wconf 85' lang='lat' dir='ltr'>priores</span> <span class='ocrx_word' id='word_1_122' title='bbox 1890 1879 2012 1924; x_wconf 92' lang='lat' dir='ltr'>non</span> <span class='ocrx_word' id='word_1_123' title='bbox 2068 1858 2256 1939; x_wconf 91' lang='lat' dir='ltr'>hujus</span> <span class='ocrx_word' id='word_1_124' title='bbox 2310 1856 2650 1939; x_wconf 87' lang='lat' dir='ltr'>sophistae,</span> <span class='ocrx_word' id='word_1_125' title='bbox 2720 1854 2839 1921; x_wconf 90' lang='lat' dir='ltr'>sed</span> 
     </span>
     <span class='ocr_line' id='line_1_15' title="bbox 399 1960 2836 2049; baseline -0.003 -16"><span class='ocrx_word' id='word_1_126' title='bbox 399 1968 762 2034; x_wconf 87' lang='lat' dir='ltr'>Philostrati</span> <span class='ocrx_word' id='word_1_127' title='bbox 810 1967 920 2033; x_wconf 93' lang='lat' dir='ltr'>III.</span> <span class='ocrx_word' id='word_1_128' title='bbox 969 1986 1128 2043; x_wconf 88' lang='lat' dir='ltr'>esse,</span> <span class='ocrx_word' id='word_1_129' title='bbox 1171 1967 1287 2033; x_wconf 90' lang='lat' dir='ltr'>hoc</span> <span class='ocrx_word' id='word_1_130' title='bbox 1330 1967 1581 2049; x_wconf 91' lang='lat' dir='ltr'>quidem</span> <span class='ocrx_word' id='word_1_131' title='bbox 1624 1965 2014 2048; x_wconf 85' lang='lat' dir='ltr'>argumentis</span> <span class='ocrx_word' id='word_1_132' title='bbox 2058 1964 2299 2031; x_wconf 89' lang='lat' dir='ltr'>affatim</span> <span class='ocrx_word' id='word_1_133' title='bbox 2331 1960 2836 2044; x_wconf 89' lang='lat' dir='ltr'>comprobavisse</span> 
     </span>
     <span class='ocr_line' id='line_1_16' title="bbox 398 2066 2841 2155; baseline -0.003 -16"><span class='ocrx_word' id='word_1_134' title='bbox 398 2076 548 2140; x_wconf 79' lang='lat' dir='ltr'>m&#39;ihi</span> <span class='ocrx_word' id='word_1_135' title='bbox 618 2075 851 2140; x_wconf 90' lang='lat' dir='ltr'>videor.</span> <span class='ocrx_word' id='word_1_136' title='bbox 962 2072 1222 2139; x_wconf 88' lang='lat' dir='ltr'>Accedit</span> <span class='ocrx_word' id='word_1_137' title='bbox 1314 2074 1477 2155; x_wconf 90' lang='lat' dir='ltr'>quod</span> <span class='ocrx_word' id='word_1_138' title='bbox 1550 2071 1968 2138; x_wconf 88' lang='lat' dir='ltr'>Menandrum</span> <span class='ocrx_word' id='word_1_139' title='bbox 2039 2071 2364 2137; x_wconf 88' lang='lat' dir='ltr'>rhetorem</span> <span class='ocrx_word' id='word_1_140' title='bbox 2432 2070 2558 2135; x_wconf 91' lang='lat' dir='ltr'>illis</span> <span class='ocrx_word' id='word_1_141' title='bbox 2628 2066 2841 2133; x_wconf 87' lang='lat' dir='ltr'>verbis</span> 
     </span>
     <span class='ocr_line' id='line_1_17' title="bbox 396 2173 2842 2264; baseline -0.004 -17"><span class='ocrx_word' id='word_1_142' title='bbox 396 2179 969 2264; x_wconf 81' lang='grc' dir='ltr'><strong><em>,,(Φιλοστράτου)</em></strong></span> <span class='ocrx_word' id='word_1_143' title='bbox 1022 2178 1139 2246; x_wconf 75' lang='grc' dir='ltr'>τοῦ</span> <span class='ocrx_word' id='word_1_144' title='bbox 1183 2189 1311 2245; x_wconf 83' lang='grc' dir='ltr'>τῶν</span> <span class='ocrx_word' id='word_1_145' title='bbox 1343 2177 1686 2263; x_wconf 68' lang='grc' dir='ltr'>εΙῑΙρωικοῖν</span> <span class='ocrx_word' id='word_1_146' title='bbox 1727 2176 1845 2263; x_wconf 79' lang='grc' dir='ltr'>τὴν</span> <span class='ocrx_word' id='word_1_147' title='bbox 1884 2175 2193 2264; x_wconf 72' lang='grc' dir='ltr'><strong><em>ἐξήγησιν</em></strong></span> <span class='ocrx_word' id='word_1_148' title='bbox 2232 2182 2347 2242; x_wconf 78' lang='grc' dir='ltr'>καὶ</span> <span class='ocrx_word' id='word_1_149' title='bbox 2388 2175 2510 2253; x_wconf 80' lang='grc' dir='ltr'>τας</span> <span class='ocrx_word' id='word_1_150' title='bbox 2552 2173 2842 2250; x_wconf 81' lang='grc' dir='ltr'><strong><em>Εἰκόνας</em></strong></span> 
     </span>
     <span class='ocr_line' id='line_1_18' title="bbox 403 2279 2847 2376; baseline -0.003 -26"><span class='ocrx_word' id='word_1_151' title='bbox 403 2289 843 2376; x_wconf 77' lang='grc' dir='ltr'><strong><em>γράψαντος“</em></strong></span> <span class='ocrx_word' id='word_1_152' title='bbox 886 2287 1272 2368; x_wconf 82' lang='lat' dir='ltr'>distinguere</span> <span class='ocrx_word' id='word_1_153' title='bbox 1323 2286 1593 2351; x_wconf 91' lang='lat' dir='ltr'>voluisse</span> <span class='ocrx_word' id='word_1_154' title='bbox 1636 2284 1974 2351; x_wconf 89' lang='lat' dir='ltr'>verisimile</span> <span class='ocrx_word' id='word_1_155' title='bbox 2021 2292 2119 2351; x_wconf 91' lang='lat' dir='ltr'>est</span> <span class='ocrx_word' id='word_1_156' title='bbox 2173 2283 2545 2364; x_wconf 88' lang='lat' dir='ltr'>scriptorem</span> <span class='ocrx_word' id='word_1_157' title='bbox 2586 2279 2847 2354; x_wconf 85' lang='lat' dir='ltr'>Heroici</span> 
     </span>
     <span class='ocr_line' id='line_1_19' title="bbox 401 2386 2843 2475; baseline -0.003 -18"><span class='ocrx_word' id='word_1_158' title='bbox 401 2398 468 2458; x_wconf 92' lang='lat' dir='ltr'>et</span> <span class='ocrx_word' id='word_1_159' title='bbox 511 2394 859 2475; x_wconf 90' lang='lat' dir='ltr'>Imaginum</span> <span class='ocrx_word' id='word_1_160' title='bbox 903 2391 1183 2474; x_wconf 91' lang='lat' dir='ltr'>priorum</span> <span class='ocrx_word' id='word_1_161' title='bbox 1227 2391 1306 2457; x_wconf 91' lang='lat' dir='ltr'>ab</span> <span class='ocrx_word' id='word_1_162' title='bbox 1352 2397 1613 2457; x_wconf 88' lang='lat' dir='ltr'>auctore</span> <span class='ocrx_word' id='word_1_163' title='bbox 1654 2392 1825 2457; x_wconf 88' lang='lat' dir='ltr'>vitae</span> <span class='ocrx_word' id='word_1_164' title='bbox 1880 2390 2079 2472; x_wconf 88' lang='lat' dir='ltr'>Apoll.</span> <span class='ocrx_word' id='word_1_165' title='bbox 2129 2396 2196 2455; x_wconf 91' lang='lat' dir='ltr'>et</span> <span class='ocrx_word' id='word_1_166' title='bbox 2240 2390 2512 2454; x_wconf 89' lang='lat' dir='ltr'>vitarum</span> <span class='ocrx_word' id='word_1_167' title='bbox 2575 2386 2843 2469; x_wconf 90' lang='lat' dir='ltr'>sophist.</span> 
     </span>
     <span class='ocr_line' id='line_1_20' title="bbox 388 2491 2838 2579; baseline -0.004 -14"><span class='ocrx_word' id='word_1_168' title='bbox 388 2499 528 2565; x_wconf 78' lang='lat' dir='ltr'>Cur</span> <span class='ocrx_word' id='word_1_169' title='bbox 570 2498 755 2577; x_wconf 90' lang='lat' dir='ltr'>enim,</span> <span class='ocrx_word' id='word_1_170' title='bbox 825 2499 946 2563; x_wconf 91' lang='lat' dir='ltr'>nisi</span> <span class='ocrx_word' id='word_1_171' title='bbox 987 2517 1091 2564; x_wconf 89' lang='lat' dir='ltr'>res</span> <span class='ocrx_word' id='word_1_172' title='bbox 1144 2500 1237 2563; x_wconf 90' lang='lat' dir='ltr'>ita</span> <span class='ocrx_word' id='word_1_173' title='bbox 1293 2516 1362 2563; x_wconf 92' lang='lat' dir='ltr'>se</span> <span class='ocrx_word' id='word_1_174' title='bbox 1415 2496 1702 2575; x_wconf 89' lang='lat' dir='ltr'>haberet,</span> <span class='ocrx_word' id='word_1_175' title='bbox 1773 2498 1942 2579; x_wconf 90' lang='lat' dir='ltr'>ipsos</span> <span class='ocrx_word' id='word_1_176' title='bbox 2006 2496 2120 2562; x_wconf 93' lang='lat' dir='ltr'>hos</span> <span class='ocrx_word' id='word_1_177' title='bbox 2183 2493 2339 2560; x_wconf 92' lang='lat' dir='ltr'>duos</span> <span class='ocrx_word' id='word_1_178' title='bbox 2401 2492 2665 2559; x_wconf 86' lang='lat' dir='ltr'>afferret</span> <span class='ocrx_word' id='word_1_179' title='bbox 2723 2491 2838 2556; x_wconf 93' lang='lat' dir='ltr'>ille</span> 
     </span>
     <span class='ocr_line' id='line_1_21' title="bbox 397 2604 2412 2670; baseline -0.004 -2"><span class='ocrx_word' id='word_1_180' title='bbox 397 2604 639 2670; x_wconf 77' lang='lat' dir='ltr'>libros?</span> <span class='ocrx_word' id='word_1_181' title='bbox 2407 2652 2412 2659; x_wconf 85' lang='lat'>.</span> 
     </span>
    </p>

    <p class='ocr_par' dir='ltr' id='par_1_5' title="bbox 396 2703 2837 3214">
     <span class='ocr_line' id='line_1_22' title="bbox 564 2703 2837 2801; baseline -0.002 -27"><span class='ocrx_word' id='word_1_182' title='bbox 564 2711 661 2774; x_wconf 91' lang='lat' dir='ltr'>De</span> <span class='ocrx_word' id='word_1_183' title='bbox 706 2709 1013 2801; x_wconf 88' lang='lat' dir='ltr'>epistulis,</span> <span class='ocrx_word' id='word_1_184' title='bbox 1086 2710 1264 2791; x_wconf 87' lang='lat' dir='ltr'>cujus</span> <span class='ocrx_word' id='word_1_185' title='bbox 1325 2706 1852 2775; x_wconf 89' lang='lat' dir='ltr'>Philostratorum</span> <span class='ocrx_word' id='word_1_186' title='bbox 1917 2708 2062 2788; x_wconf 92' lang='lat' dir='ltr'>sint,</span> <span class='ocrx_word' id='word_1_187' title='bbox 2137 2727 2260 2772; x_wconf 91' lang='lat' dir='ltr'>non</span> <span class='ocrx_word' id='word_1_188' title='bbox 2324 2713 2566 2773; x_wconf 87' lang='lat' dir='ltr'>certam</span> <span class='ocrx_word' id='word_1_189' title='bbox 2628 2703 2837 2770; x_wconf 87' lang='lat' dir='ltr'>audeo</span> 
     </span>
     <span class='ocr_line' id='line_1_23' title="bbox 397 2813 2835 2898; baseline -0.002 -18"><span class='ocrx_word' id='word_1_190' title='bbox 397 2817 568 2880; x_wconf 86' lang='lat' dir='ltr'>ferre</span> <span class='ocrx_word' id='word_1_191' title='bbox 614 2817 995 2881; x_wconf 88' lang='lat' dir='ltr'>sententiam</span> <span class='ocrx_word' id='word_1_192' title='bbox 1020 2819 1088 2898; x_wconf 87' lang='lat'>1).</span> <span class='ocrx_word' id='word_1_193' title='bbox 1172 2816 1334 2880; x_wconf 90' lang='lat' dir='ltr'>Nam</span> <span class='ocrx_word' id='word_1_194' title='bbox 1392 2815 1678 2896; x_wconf 87' lang='lat' dir='ltr'>quamvis</span> <span class='ocrx_word' id='word_1_195' title='bbox 1736 2813 2074 2895; x_wconf 85' lang='lat' dir='ltr'>diligenter</span> <span class='ocrx_word' id='word_1_196' title='bbox 2126 2814 2336 2879; x_wconf 90' lang='lat' dir='ltr'>omnia</span> <span class='ocrx_word' id='word_1_197' title='bbox 2392 2815 2835 2894; x_wconf 89' lang='lat' dir='ltr'>perscrutatus</span> 
     </span>
     <span class='ocr_line' id='line_1_24' title="bbox 398 2917 2834 3003; baseline -0.003 -16"><span class='ocrx_word' id='word_1_198' title='bbox 398 2925 460 2987; x_wconf 93' lang='lat' dir='ltr'>in</span> <span class='ocrx_word' id='word_1_199' title='bbox 507 2922 794 3003; x_wconf 91' lang='lat' dir='ltr'>epistulis</span> <span class='ocrx_word' id='word_1_200' title='bbox 848 2941 971 2986; x_wconf 91' lang='lat' dir='ltr'>non</span> <span class='ocrx_word' id='word_1_201' title='bbox 1026 2928 1156 2987; x_wconf 90' lang='lat' dir='ltr'>tam</span> <span class='ocrx_word' id='word_1_202' title='bbox 1217 2920 1417 2986; x_wconf 89' lang='lat' dir='ltr'>multa</span> <span class='ocrx_word' id='word_1_203' title='bbox 1479 2921 1761 2985; x_wconf 88' lang='lat' dir='ltr'>invenire</span> <span class='ocrx_word' id='word_1_204' title='bbox 1828 2920 2022 3000; x_wconf 90' lang='lat' dir='ltr'>potui,</span> <span class='ocrx_word' id='word_1_205' title='bbox 2093 2918 2260 2984; x_wconf 91' lang='lat' dir='ltr'>unde</span> <span class='ocrx_word' id='word_1_206' title='bbox 2326 2937 2440 2983; x_wconf 89' lang='lat' dir='ltr'>eae</span> <span class='ocrx_word' id='word_1_207' title='bbox 2508 2924 2575 2983; x_wconf 92' lang='lat' dir='ltr'>et</span> <span class='ocrx_word' id='word_1_208' title='bbox 2633 2917 2834 2997; x_wconf 84' lang='lat' dir='ltr'>ipsae,</span> 
     </span>
     <span class='ocr_line' id='line_1_25' title="bbox 399 3011 2836 3114; baseline -0.004 -17"><span class='ocrx_word' id='word_1_209' title='bbox 399 3026 922 3114; x_wconf 88' lang='lat' dir='ltr'>quemadmodum</span> <span class='ocrx_word' id='word_1_210' title='bbox 966 3028 1272 3093; x_wconf 91' lang='lat' dir='ltr'>Heroicus</span> <span class='ocrx_word' id='word_1_211' title='bbox 1318 3032 1384 3092; x_wconf 96' lang='lat' dir='ltr'>et</span> <span class='ocrx_word' id='word_1_212' title='bbox 1426 3025 1743 3107; x_wconf 86' lang='lat' dir='ltr'>Imagines</span> <span class='ocrx_word' id='word_1_213' title='bbox 1797 3025 2040 3106; x_wconf 90' lang='lat' dir='ltr'>priores</span> <span class='ocrx_word' id='word_1_214' title='bbox 2085 3011 2259 3091; x_wconf 88' lang='lat' dir='ltr'>certo</span> <span class='ocrx_word' id='word_1_215' title='bbox 2294 3022 2528 3106; x_wconf 85' lang='lat' dir='ltr'>judicio</span> <span class='ocrx_word' id='word_1_216' title='bbox 2569 3028 2836 3104; x_wconf 86' lang='lat' dir='ltr'>possent</span> 
     </span>
     <span class='ocr_line' id='line_1_26' title="bbox 396 3132 1208 3214; baseline -0.005 -14"><span class='ocrx_word' id='word_1_217' title='bbox 396 3134 740 3202; x_wconf 88' lang='lat' dir='ltr'>internosci</span> <span class='ocrx_word' id='word_1_218' title='bbox 783 3139 850 3199; x_wconf 91' lang='lat' dir='ltr'>et</span> <span class='ocrx_word' id='word_1_219' title='bbox 891 3132 1208 3214; x_wconf 89' lang='lat' dir='ltr'>distingui.</span> 
     </span>
    </p>
   </div>
   <div class='ocr_carea' id='block_1_3' title="bbox 563 3259 2089 3342">
    <p class='ocr_par' dir='ltr' id='par_1_6' title="bbox 563 3259 2089 3342">
     <span class='ocr_line' id='line_1_27' title="bbox 563 3259 2089 3342; baseline -0.003 -14"><span class='ocrx_word' id='word_1_220' title='bbox 563 3264 647 3328; x_wconf 79' lang='lat' dir='ltr'>A.</span> <span class='ocrx_word' id='word_1_221' title='bbox 733 3263 823 3327; x_wconf 88' lang='lat' dir='ltr'>Ut</span> <span class='ocrx_word' id='word_1_222' title='bbox 860 3262 991 3342; x_wconf 76' lang='lat' dir='ltr'>Jam</span> <span class='ocrx_word' id='word_1_223' title='bbox 1033 3262 1249 3342; x_wconf 87' lang='lat' dir='ltr'>paucis</span> <span class='ocrx_word' id='word_1_224' title='bbox 1289 3261 1447 3326; x_wconf 90' lang='lat' dir='ltr'>haec</span> <span class='ocrx_word' id='word_1_225' title='bbox 1488 3261 1698 3326; x_wconf 91' lang='lat' dir='ltr'>omnia</span> <span class='ocrx_word' id='word_1_226' title='bbox 1739 3259 2089 3326; x_wconf 85' lang='lat' dir='ltr'>absolvam:</span> 
     </span>
    </p>
   </div>
   <div class='ocr_carea' id='block_1_4' title="bbox 399 3381 2838 3980">
    <p class='ocr_par' dir='ltr' id='par_1_7' title="bbox 399 3381 2838 3787">
     <span class='ocr_line' id='line_1_28' title="bbox 569 3381 2838 3465; baseline -0.003 -13"><span class='ocrx_word' id='word_1_227' title='bbox 569 3386 1117 3452; x_wconf 86' lang='lat' dir='ltr'>Philostratus</span> <span class='ocrx_word' id='word_1_228' title='bbox 1160 3385 1208 3451; x_wconf 90' lang='grc' dir='ltr'>Ι.</span> <span class='ocrx_word' id='word_1_229' title='bbox 1268 3385 1520 3465; x_wconf 88' lang='lat' dir='ltr'>scripsit</span> <span class='ocrx_word' id='word_1_230' title='bbox 1565 3385 1952 3449; x_wconf 89' lang='lat' dir='ltr'>Neronem</span> <span class='ocrx_word' id='word_1_231' title='bbox 2006 3389 2175 3448; x_wconf 91' lang='lat' dir='ltr'>teste</span> <span class='ocrx_word' id='word_1_232' title='bbox 2219 3382 2410 3448; x_wconf 86' lang='lat' dir='ltr'>Suida</span> <span class='ocrx_word' id='word_1_233' title='bbox 2469 3389 2534 3447; x_wconf 89' lang='lat' dir='ltr'>et</span> <span class='ocrx_word' id='word_1_234' title='bbox 2589 3402 2669 3447; x_wconf 87' lang='lat' dir='ltr'>ex</span> <span class='ocrx_word' id='word_1_235' title='bbox 2725 3381 2838 3446; x_wconf 85' lang='lat' dir='ltr'>illo</span> 
     </span>
     <span class='ocr_line' id='line_1_29' title="bbox 400 3485 2833 3572; baseline -0.003 -13"><span class='ocrx_word' id='word_1_236' title='bbox 400 3495 765 3560; x_wconf 89' lang='lat' dir='ltr'>Philostrati</span> <span class='ocrx_word' id='word_1_237' title='bbox 801 3492 881 3556; x_wconf 94' lang='lat' dir='ltr'>II.</span> <span class='ocrx_word' id='word_1_238' title='bbox 926 3491 989 3555; x_wconf 92' lang='lat' dir='ltr'>in</span> <span class='ocrx_word' id='word_1_239' title='bbox 1040 3492 1172 3555; x_wconf 85' lang='lat' dir='ltr'>vita</span> <span class='ocrx_word' id='word_1_240' title='bbox 1226 3491 1428 3572; x_wconf 90' lang='lat' dir='ltr'>Apoll.</span> <span class='ocrx_word' id='word_1_241' title='bbox 1476 3494 1597 3556; x_wconf 81' lang='lat'>179</span> <span class='ocrx_word' id='word_1_242' title='bbox 1639 3493 1731 3572; x_wconf 89' lang='lat'>(1)</span> <span class='ocrx_word' id='word_1_243' title='bbox 1785 3489 2143 3556; x_wconf 89' lang='lat' dir='ltr'>testimonio</span> <span class='ocrx_word' id='word_1_244' title='bbox 2158 3495 2178 3553; x_wconf 73' lang='grc' dir='ltr'>τ’</span> <span class='ocrx_word' id='word_1_245' title='bbox 2258 3492 2422 3566; x_wconf 73' lang='lat' dir='ltr'>„acal</span> <span class='ocrx_word' id='word_1_246' title='bbox 2462 3485 2703 3554; x_wconf 73' lang='grc' dir='ltr'><strong><em>ἐάσθω</em></strong></span> <span class='ocrx_word' id='word_1_247' title='bbox 2747 3486 2833 3552; x_wconf 73' lang='grc' dir='ltr'>τοὶ</span> 
     </span>
     <span class='ocr_line' id='line_1_30' title="bbox 399 3591 2834 3682; baseline -0.002 -17"><span class='ocrx_word' id='word_1_248' title='bbox 399 3604 805 3666; x_wconf 83' lang='grc' dir='ltr'><strong><em>Μουσωνίου</em></strong></span> <span class='ocrx_word' id='word_1_249' title='bbox 849 3599 1058 3663; x_wconf 80' lang='grc' dir='ltr'><strong><em>πλείω</em></strong></span> <span class='ocrx_word' id='word_1_250' title='bbox 1104 3591 1265 3661; x_wconf 80' lang='grc' dir='ltr'><strong><em>ὄντα</em></strong></span> <span class='ocrx_word' id='word_1_251' title='bbox 1310 3601 1423 3661; x_wconf 84' lang='grc' dir='ltr'>καὶ</span> <span class='ocrx_word' id='word_1_252' title='bbox 1464 3594 2020 3682; x_wconf 73' lang='grc' dir='ltr'><strong><em>θαυμασιώτερα,</em></strong></span> <span class='ocrx_word' id='word_1_253' title='bbox 2085 3591 2171 3671; x_wconf 80' lang='grc' dir='ltr'>ὣς</span> <span class='ocrx_word' id='word_1_254' title='bbox 2201 3594 2292 3679; x_wconf 78' lang='grc' dir='ltr'>μὴ</span> <span class='ocrx_word' id='word_1_255' title='bbox 2339 3595 2608 3679; x_wconf 81' lang='grc' dir='ltr'><strong><em>δοκοίην</em></strong></span> <span class='ocrx_word' id='word_1_256' title='bbox 2650 3599 2834 3679; x_wconf 78' lang='grc' dir='ltr'><strong><em>θρα-</em></strong></span> 
     </span>
     <span class='ocr_line' id='line_1_31' title="bbox 401 3698 2221 3787; baseline -0.003 -17"><span class='ocrx_word' id='word_1_257' title='bbox 401 3704 741 3770; x_wconf 77' lang='grc' dir='ltr'><strong><em>σύνεσθαι</em></strong></span> <span class='ocrx_word' id='word_1_258' title='bbox 784 3702 954 3787; x_wconf 84' lang='grc' dir='ltr'><em>πρὸς</em></span> <span class='ocrx_word' id='word_1_259' title='bbox 996 3705 1109 3767; x_wconf 78' lang='grc' dir='ltr'>τὸν</span> <span class='ocrx_word' id='word_1_260' title='bbox 1152 3701 1295 3787; x_wconf 75' lang='grc' dir='ltr'>(μὴ)</span> <span class='ocrx_word' id='word_1_261' title='bbox 1345 3699 1608 3787; x_wconf 75' lang='grc' dir='ltr'><em>ἅμελῶς</em></span> <span class='ocrx_word' id='word_1_262' title='bbox 1650 3699 1822 3767; x_wconf 77' lang='grc' dir='ltr'><strong><em>αὐτα</em></strong></span> <span class='ocrx_word' id='word_1_263' title='bbox 1868 3698 2221 3768; x_wconf 76' lang='grc' dir='ltr'><strong><em>εἶπόντα“.</em></strong></span> 
     </span>
    </p>

    <p class='ocr_par' dir='ltr' id='par_1_8' title="bbox 399 3805 2835 3980">
     <span class='ocr_line' id='line_1_32' title="bbox 568 3805 2835 3888; baseline -0.001 -15"><span class='ocrx_word' id='word_1_264' title='bbox 568 3810 750 3874; x_wconf 90' lang='lat' dir='ltr'>Hunc</span> <span class='ocrx_word' id='word_1_265' title='bbox 793 3808 959 3873; x_wconf 91' lang='lat' dir='ltr'>enim</span> <span class='ocrx_word' id='word_1_266' title='bbox 1000 3807 1203 3874; x_wconf 89' lang='lat' dir='ltr'>locum</span> <span class='ocrx_word' id='word_1_267' title='bbox 1245 3807 1326 3873; x_wconf 93' lang='lat' dir='ltr'>ad</span> <span class='ocrx_word' id='word_1_268' title='bbox 1368 3807 1819 3874; x_wconf 90' lang='lat' dir='ltr'>Philostratum</span> <span class='ocrx_word' id='word_1_269' title='bbox 1843 3808 1891 3874; x_wconf 90' lang='lat' dir='ltr'>I.</span> <span class='ocrx_word' id='word_1_270' title='bbox 1937 3805 2337 3873; x_wconf 88' lang='lat' dir='ltr'>referendum</span> <span class='ocrx_word' id='word_1_271' title='bbox 2370 3824 2509 3873; x_wconf 89' lang='lat' dir='ltr'>esse</span> <span class='ocrx_word' id='word_1_272' title='bbox 2539 3805 2835 3888; x_wconf 89' lang='lat' dir='ltr'>equidem</span> 
     </span>
     <span class='ocr_line' id='line_1_33' title="bbox 399 3933 642 3980; baseline -0.004 -1"><span class='ocrx_word' id='word_1_273' title='bbox 399 3933 642 3980; x_wconf 90' lang='lat' dir='ltr'>censeo.</span> 
     </span>
    </p>
   </div>
   <div class='ocr_carea' id='block_1_5' title="bbox 412 4055 835 4066">
    <p class='ocr_par' dir='ltr' id='par_1_9' title="bbox 412 4055 835 4066">
     <span class='ocr_line' id='line_1_34' title="bbox 412 4055 835 4066; baseline 0 1076"><span class='ocrx_word' id='word_1_274' title='bbox 412 4055 835 4066; x_wconf 95' lang='lat' dir='ltr'> </span> 
     </span>
    </p>
   </div>
   <div class='ocr_carea' id='block_1_6' title="bbox 398 4118 2833 4577">
    <p class='ocr_par' dir='ltr' id='par_1_10' title="bbox 398 4118 2833 4577">
     <span class='ocr_line' id='line_1_35' title="bbox 547 4118 2833 4199; baseline -0.001 -15"><span class='ocrx_word' id='word_1_275' title='bbox 547 4133 598 4199; x_wconf 94' lang='lat' dir='ltr'>l)</span> <span class='ocrx_word' id='word_1_276' title='bbox 638 4130 916 4186; x_wconf 81' lang='lat' dir='ltr'>Videntur</span> <span class='ocrx_word' id='word_1_277' title='bbox 954 4130 1172 4198; x_wconf 89' lang='lat' dir='ltr'>quidem</span> <span class='ocrx_word' id='word_1_278' title='bbox 1211 4129 1344 4183; x_wconf 85' lang='lat' dir='ltr'>mihi</span> <span class='ocrx_word' id='word_1_279' title='bbox 1381 4129 1656 4197; x_wconf 87' lang='lat' dir='ltr'>epistulae</span> <span class='ocrx_word' id='word_1_280' title='bbox 1694 4128 2001 4184; x_wconf 84' lang='lat' dir='ltr'>amatoriae</span> <span class='ocrx_word' id='word_1_281' title='bbox 2037 4118 2150 4184; x_wconf 89' lang='lat' dir='ltr'>una</span> <span class='ocrx_word' id='word_1_282' title='bbox 2189 4145 2310 4184; x_wconf 91' lang='lat' dir='ltr'>cum</span> <span class='ocrx_word' id='word_1_283' title='bbox 2349 4128 2583 4183; x_wconf 91' lang='lat' dir='ltr'>Heroico</span> <span class='ocrx_word' id='word_1_284' title='bbox 2604 4132 2665 4183; x_wconf 91' lang='lat' dir='ltr'>et</span> <span class='ocrx_word' id='word_1_285' title='bbox 2684 4127 2833 4181; x_wconf 87' lang='lat' dir='ltr'>Ima-</span> 
     </span>
     <span class='ocr_line' id='line_1_36' title="bbox 401 4221 2833 4295; baseline -0.002 -14"><span class='ocrx_word' id='word_1_286' title='bbox 401 4225 628 4295; x_wconf 86' lang='lat' dir='ltr'>ginibus</span> <span class='ocrx_word' id='word_1_287' title='bbox 663 4225 935 4294; x_wconf 86' lang='lat' dir='ltr'>prioribus</span> <span class='ocrx_word' id='word_1_288' title='bbox 973 4223 1316 4279; x_wconf 85' lang='lat' dir='ltr'>Philostrato</span> <span class='ocrx_word' id='word_1_289' title='bbox 1352 4222 1459 4277; x_wconf 94' lang='lat' dir='ltr'>III.</span> <span class='ocrx_word' id='word_1_290' title='bbox 1499 4221 1894 4277; x_wconf 89' lang='lat' dir='ltr'>attribuendae</span> <span class='ocrx_word' id='word_1_291' title='bbox 1933 4239 2068 4290; x_wconf 88' lang='lat' dir='ltr'>esse,</span> <span class='ocrx_word' id='word_1_292' title='bbox 2124 4223 2466 4277; x_wconf 81' lang='lat' dir='ltr'>Philostrato</span> <span class='ocrx_word' id='word_1_293' title='bbox 2504 4223 2583 4277; x_wconf 92' lang='grc' dir='ltr'>ΙΙ.</span> <span class='ocrx_word' id='word_1_294' title='bbox 2623 4221 2833 4292; x_wconf 87' lang='lat' dir='ltr'>epistu-</span> 
     </span>
     <span class='ocr_line' id='line_1_37' title="bbox 398 4313 2831 4386; baseline -0.001 -12"><span class='ocrx_word' id='word_1_295' title='bbox 398 4320 489 4374; x_wconf 89' lang='lat' dir='ltr'>lae</span> <span class='ocrx_word' id='word_1_296' title='bbox 527 4336 635 4375; x_wconf 89' lang='lat' dir='ltr'>non</span> <span class='ocrx_word' id='word_1_297' title='bbox 673 4319 979 4375; x_wconf 84' lang='lat' dir='ltr'>amatoriae</span> <span class='ocrx_word' id='word_1_298' title='bbox 1017 4333 1192 4385; x_wconf 81' lang='lat' dir='ltr'>aeque</span> <span class='ocrx_word' id='word_1_299' title='bbox 1231 4324 1399 4384; x_wconf 87' lang='lat' dir='ltr'>atque</span> <span class='ocrx_word' id='word_1_300' title='bbox 1436 4313 1766 4380; x_wconf 78' lang='grc' dir='ltr'><strong><em>,,διάλεξις“</em></strong></span> <span class='ocrx_word' id='word_1_301' title='bbox 1804 4317 1901 4372; x_wconf 88' lang='lat' dir='ltr'>illa</span> <span class='ocrx_word' id='word_1_302' title='bbox 1939 4325 1998 4372; x_wconf 93' lang='lat' dir='ltr'>et</span> <span class='ocrx_word' id='word_1_303' title='bbox 2057 4322 2359 4386; x_wconf 88' lang='lat' dir='ltr'>praecepta</span> <span class='ocrx_word' id='word_1_304' title='bbox 2411 4317 2477 4372; x_wconf 93' lang='lat' dir='ltr'>de</span> <span class='ocrx_word' id='word_1_305' title='bbox 2525 4316 2831 4376; x_wconf 83' lang='lat' dir='ltr'>scribendis</span> 
     </span>
     <span class='ocr_line' id='line_1_38' title="bbox 400 4411 2833 4478; baseline -0 -11"><span class='ocrx_word' id='word_1_306' title='bbox 400 4413 612 4468; x_wconf 86' lang='lat' dir='ltr'>litteris</span> <span class='ocrx_word' id='word_1_307' title='bbox 652 4413 882 4469; x_wconf 89' lang='lat' dir='ltr'>tradita.</span> <span class='ocrx_word' id='word_1_308' title='bbox 957 4413 1025 4466; x_wconf 90' lang='lat' dir='ltr'>In</span> <span class='ocrx_word' id='word_1_309' title='bbox 1062 4413 1146 4466; x_wconf 89' lang='lat' dir='ltr'>his</span> <span class='ocrx_word' id='word_1_310' title='bbox 1185 4412 1328 4467; x_wconf 89' lang='lat' dir='ltr'>enim</span> <span class='ocrx_word' id='word_1_311' title='bbox 1366 4412 1650 4475; x_wconf 87' lang='lat' dir='ltr'>nonnulla,</span> <span class='ocrx_word' id='word_1_312' title='bbox 1699 4427 1841 4478; x_wconf 84' lang='lat' dir='ltr'>quae</span> <span class='ocrx_word' id='word_1_313' title='bbox 1894 4411 2162 4467; x_wconf 87' lang='lat' dir='ltr'>orationis</span> <span class='ocrx_word' id='word_1_314' title='bbox 2214 4412 2546 4467; x_wconf 88' lang='lat' dir='ltr'>Philostrati</span> <span class='ocrx_word' id='word_1_315' title='bbox 2582 4412 2662 4468; x_wconf 92' lang='grc' dir='ltr'>ΙΙ.</span> <span class='ocrx_word' id='word_1_316' title='bbox 2700 4417 2833 4467; x_wconf 85' lang='lat' dir='ltr'>sunt</span> 
     </span>
     <span class='ocr_line' id='line_1_39' title="bbox 399 4504 2108 4577; baseline 0.002 -16"><span class='ocrx_word' id='word_1_317' title='bbox 399 4507 640 4577; x_wconf 87' lang='lat' dir='ltr'>propria,</span> <span class='ocrx_word' id='word_1_318' title='bbox 678 4507 1058 4574; x_wconf 84' lang='lat' dir='ltr'>inveniuntur,</span> <span class='ocrx_word' id='word_1_319' title='bbox 1095 4506 1154 4560; x_wconf 87' lang='lat' dir='ltr'>in</span> <span class='ocrx_word' id='word_1_320' title='bbox 1192 4504 1448 4575; x_wconf 88' lang='lat' dir='ltr'>epistulis</span> <span class='ocrx_word' id='word_1_321' title='bbox 1483 4506 1773 4561; x_wconf 88' lang='lat' dir='ltr'>amatoriis</span> <span class='ocrx_word' id='word_1_322' title='bbox 1811 4523 1919 4567; x_wconf 87' lang='lat' dir='ltr'>non</span> <span class='ocrx_word' id='word_1_323' title='bbox 1954 4507 2108 4564; x_wconf 86' lang='lat' dir='ltr'>item.</span> 
     </span>
    </p>
   </div>
  </div>
 </body>
</html>
