3109 5142
1491 361 1866 450 ..ῤ-

466 563 701 630 tionem
741 567 1033 645 'magnam
1074 569 1325 646 partem
1369 569 1629 629 secutus
1671 581 2119 651 nonnunquam
2178 562 2323 628 hinc
2378 560 2664 629 discedat
2724 580 2893 629 com—

467 669 762 735 menticio
801 669 1135 736 Protesilai
1176 669 1539 735 testimonio
1582 671 1790 736 nixus

634 776 702 858 e)
776 775 1429 860 Gymnast1cus“
1503 781 1718 841 autem
1791 776 2145 841 recentiore
2218 776 2471 841 demum
2540 781 2755 842 aetate
2825 777 2887 840 in

468 880 786 964 publicum
827 887 1001 947 totus
1044 887 1236 964 atque
1280 881 1532 961 integer
1555 884 1609 963 1)
1650 881 1841 947 rediit
1880 917 1964 928 —
2006 882 2217 948 codice
2259 901 2462 964 nuper
2514 882 2767 947 detecto
2806 917 2889 929 —

467 987 552 1054 M.
598 986 845 1070 Mynae,
910 988 1176 1053 hominis
1233 988 1487 1053 natione
1532 986 1764 1054 Graeci
1807 1006 2017 1069 opera,
2084 988 2203 1068 vel,
2260 993 2335 1053 ut
2388 989 2623 1053 rectius
2665 986 2887 1069 dicam,

468 1094 580 1162 Ch.
622 1093 1038 1176 Darembergi
1099 1094 1342 1160 merito,
1430 1092 1650 1175 Neque
1714 1093 1895 1175 parvi
1959 1094 2259 1159 momenti
2322 1093 2424 1159 hic
2468 1093 2716 1159 libellus
2757 1100 2887 1175 est;

467 1198 829 1266 redundant
871 1200 1034 1264 enim
1089 1198 1236 1263 inde
1281 1198 1462 1263 multi
1519 1205 1587 1264 et
1629 1199 1791 1280 largi
1843 1198 2089 1265 fructus
2134 1199 2214 1262 ad
2257 1197 2746 1280 cognoscendam
2789 1217 2888 1263 ar-

466 1313 599 1372 tem
643 1306 1115 1387 gymnasticam,
1159 1304 1361 1386 qualis
1403 1303 1598 1370 fuerit
1637 1304 1805 1385 apud
1848 1312 2117 1372 veteres

629 1395 692 1496 f)
738 1411 1178 1495 „Imagines
1233 1410 1611 1491 priores“,
1670 1429 1833 1493 quae
1876 1416 2201 1492 vocantur,
2252 1412 2387 1493 jam
2444 1409 2740 1477 exhibent
2780 1408 2888 1474 de-

464 1519 867 1601 scriptionem
911 1517 1356 1598 pinacothecae
1387 1517 1843 1598 Neapolitanae
1888 1517 2083 1601 (haud
2126 1519 2254 1584 scio
2297 1536 2381 1584 an
2424 1516 2637 1601 fictae)
2685 1514 2885 1582 LXIV

463 1624 715 1691 tabulas
758 1624 1268 1704 complectentis3
1316 1642 1392 1689 ex
1433 1624 1784 1690 imitatione
1829 1623 2016 1705 hujus
2061 1625 2267 1705 operis
2310 1621 2633 1705 profectae
2676 1630 2827 1687 sunt

632 1732 704 1812 g)
770 1729 1200 1813 „Imagines
1271 1731 1835 1825 posteriores“‚
1908 1747 2063 1811 prae
2137 1729 2450 1810 prioribus
2502 1727 2885 1810 Imaginibus

463 1836 631 1903 haud
698 1837 791 1902 ita
852 1834 1206 1917 perfectum
1257 1872 1340 1883 ——
1382 1836 1437 1902 si
1499 1837 1848 1902 orationem
1909 1843 2163 1917 spectes
2204 1873 2281 1886 —
2329 1835 2654 1915 scriptum,
2721 1832 2886 1915 quod

459 1942 749 2009 mutilum
795 1941 988 2008 etiam
1031 1948 1342 2024 superest.

629 2047 708 2132 h)
751 2046 849 2112 Ab
897 2053 1157 2114 auctore
1207 2048 1346 2129 ipso
1394 2048 1489 2114 bis
1541 2049 1606 2113 in
1662 2047 1975 2128 publicam
2029 2047 2235 2112 lucem
2290 2046 2558 2112 emissae
2615 2065 2756 2112 esse
2797 2047 2886 2111 vi-

462 2154 697 2221 dentur
741 2154 833 2238 „E
847 2153 1268 2235 pistulae“,
1313 2172 1475 2236 quae
1518 2160 1800 2220 nostram
1841 2153 1922 2218 ad
1965 2155 2328 2219 memoriam
2391 2159 2540 2218 sunt
2591 2157 2884 2218 servatae

459 2262 526 2326 in
569 2260 1095 2326 Philostratorum
1133 2260 1444 2341 operibus.

625 2367 679 2449 i)
723 2367 932 2432 Unum
962 2365 1232 2448 denique
1277 2386 1352 2450 „e
1369 2367 1841 2448 pigramma“
1888 2371 2094 2432 restat
2123 2365 2684 2449 ebebilostrateis,
2721 2362 2881 2446 quod

456 2470 576 2553 »ἐς
623 2471 846 2540 εἰκόνα
894 2474 1200 2557 Τηλέφου
1243 2478 1703 2560 τετρωμένουζ(
1745 2472 2127 2539 inscribitur.

625 2578 861 2658 Quibus
889 2578 1207 2659 sophistiS,
1251 2598 1393 2645 cum
1423 2577 1709 2645 omnibus
1738 2578 1905 2644 idem
1938 2585 2110 2645 esset
2139 2596 2383 2657 nomen,
2427 2577 2613 2644 facile
2645 2575 2881 2642 factum

460 2693 576 2768 est,
629 2691 703 2751 ut
748 2687 882 2768 jam
934 2684 1257 2751 veteribus
1298 2687 1744 2766 grammaticis,
1804 2704 1966 2767 quae
2021 2685 2259 2767 scripta
2301 2685 2633 2767 unicuique
2678 2682 2881 2748 Philo-

459 2798 807 2861 stratorum
848 2798 1060 2858 essent
1102 2791 1523 2873 attribuenda,
1569 2813 1693 2860 non
1736 2794 1891 2860 sat-is
1932 2794 2221 2875 liqueret.

625 2903 835 2982 Atque
892 2898 1010 2963 hac
1052 2899 1116 2962 in
1178 2917 1250 2963 re
1303 2901 1680 2982 praecipuus
1736 2898 1915 2966 nobis
1975 2906 2077 2965 est
2139 2906 2359 2965 auctor
2398 2897 2624 2965 Suidas
2644 2897 2718 2979 ²),
2776 2895 2883 2978 qui

459 3007 538 3074 de
583 3005 982 3073 Philostratis
1025 3004 1182 3071 haec
1222 3007 1563 3072 memoriae
1605 3005 1849 3088 prodit:

627 3111 1139 3198 »Φιλόστρατος
1195 3108 1229 3176 ὃ
1286 3121 1572 3199 πρῶτος,
1626 3112 1961 3197 Λήμνιος,
2018 3110 2160 3188 υἱός
2213 3109 2463 3197 Βήρου,
2524 3108 2745 3194 πατήρ
2807 3107 2882 3172 δὲ

461 3221 578 3288 τοῦ
626 3221 940 3302 δευτέρου
989 3217 1475 3301 Φιλοστράτου,
1520 3217 1845 3304 σοφιστὴς
1882 3224 1994 3284 καὶ
2038 3213 2263 3296 αύτός,
2308 3215 2765 3302 σοφιστεύσας
2807 3209 2882 3280 ἕν

449 3324 799 3412 ’Λθήναις,
858 3325 1140 3407 γεγονώς
1191 3321 1310 3390 ἐπὶ
1352 3328 1683 3410 Νέρωνος,
1742 3321 2045 3413 ἔγραψεν
2100 3323 2337 3406 λόγους
2392 3319 2881 3407 πανηγυρικούς

458 3434 848 3507 πλείστους,
914 3435 1026 3494 καὶ
1090 3428 1328 3511 λόγους
1380 3424 1912 3506 Ἐλευσινιακούς
1979 3429 2032 3494 δ’
2051 3480 2073 3507 ,
2136 3432 2448 3513 μελέτας,
2516 3426 2879 3512 ζητούμενα

467 3535 656 3623 παροὶ
717 3542 858 3613 τοῖς
929 3531 1222 3619 ῥήτορσι,
1305 3531 1652 3622 ῥητορικὰς
1728 3534 2062 3621 ἀφορμάς,
2138 3541 2295 3621 περὶ
2365 3543 2483 3599 τοῦ
2559 3529 2882 3617 ὀνόματος

433 3641 638 3726 ’(ἔστι
682 3643 758 3708 δὲ
800 3640 970 3725 πρὸς
1012 3641 1128 3708 τὸν
1162 3640 1492 3727 σοφιστήν
1523 3638 2015 3728 Ἀντίπατρον),
2061 3647 2219 3728 περὶ
2247 3641 2621 3731 τραγῳδίας
2652 3639 2880 3724 βιβλία

460 3749 542 3832 γ’,
586 3744 1030 3832 γυμναστικόν
1091 3744 1264 3830 (ἔστι
1308 3746 1383 3812 δὲ
1439 3751 1598 3834 περὶ
1651 3749 1779 3814 τῶν
1816 3744 1893 3815 ἐν
1923 3743 2257 3836 Ὀλυμπίᾳ
2298 3743 2881 3831 ἐπιτελουμένων),

464 3852 971 3938 λιθογνωμ-ικόν,
1016 3856 1321 3940 Πρωτέα,
1366 3852 1532 3918 κύνα
1575 3848 1612 3938 ἢ
1654 3849 2004 3938 σοφιστήν,
2049 3857 2351 3940 Νέρωνα,
2395 3853 2673 3936 θεατήν,
2714 3875 2877 3936 τρα-

464 3966 709 4050 γῳᾶίας
757 3962 885 4042 *1¹:1¹²*ae
927 3959 1273 4049 κωμωδίας
1318 3957 1428 4036 ιδ’,
1472 3964 1586 4024 καὶ
1631 3954 1827 4045 ἕτερα
1871 3960 2160 4024 πλεῖστα
2202 3963 2315 4023 καὶ
2352 3957 2554 4039 λόγου
2597 3953 2780 4034 ἄξια.

617 4230 661 4290 l}
701 4225 1008 4280 Nonnullae
1049 4223 1459 4294 „Gymnastici“
1517 4223 1831 4293 particulae
1889 4222 1947 4278 in
1984 4222 2222 4278 medium
2257 4211 2390 4278 sunt
2425 4222 2680 4291 prolatae
2717 4219 2881 4290 paulo

464 4330 597 4378 ante
637 4338 669 4374 a
709 4326 761 4374 tf„
813 4322 869 4374 h.
909 4319 1175 4388 Kaysero.
1248 4318 1582 4373 Philostrati
1636 4317 1765 4373 libri
1821 4314 1888 4372 de
1947 4317 2315 4387 gymnastica,
2374 4332 2514 4384 quae
2566 4318 2880 4384 supersunt,

464 4418 549 4474 ed,
589 4418 645 4470 [J.
689 4418 745 4470 L.
793 4418 1018 4482 Kayser.
1058 4413 1468 4485 Heidelberg-ae
1506 4412 1868 4469 MDCCCXL.

605 4514 661 4578 τὲ)
700 4510 899 4566 &uidae
935 4509 1150 4566 lexicon
1188 4523 1256 4565 ex
1295 4507 1539 4565 editione
1580 4508 1733 4565 Imm.
1771 4505 2033 4564 Bekkeri.
2107 4505 2355 4562 Berolini
2392 4501 2782 4562 MDCCCLIV.
