3109 5142
1220 378 1625 443 ...45-

220 558 282 624 in
324 578 475 628 suos
517 559 760 627 libellos
803 560 1143 628 contulisse
1185 559 1458 627 videtur.
1545 557 1691 641 Sed,
1749 566 1823 625 ut
1856 559 1988 642 jam
2033 575 2227 641 supra
2264 556 2416 639 dixi,
2459 556 2649 624 vesti-

222 667 323 749 gia
365 667 720 748 imitatoriS,
789 668 1073 749 quamvis
1126 667 1211 733 sit
1264 667 1641 749 ingeniosuS,
1712 685 1832 731 non
1890 665 2099 732 omnia
2157 663 2463 744 latebunt,
2535 665 2649 731 sed

222 792 656 856 nonnusquam
718 775 1053 840 manifesta
1114 773 1526 856 apparebunt
1621 773 1867 855 Itaque,
1938 778 2011 837 ut
2070 769 2484 847 collaudanda
2548 777 2649 839 est

219 881 523 947 orationis
564 881 831 947 altitudo
871 888 1063 963 atque
1109 882 1317 959 elatio,
1360 882 1454 948 ita
1493 880 1782 948 imitandi
1823 879 2101 946 studium
2144 878 2510 945 Philostrati
2533 878 2644 943 III.

221 1005 343 1053 non
388 1005 588 1069 aeque
628 986 1013 1068 probandum
1060 1006 1198 1053 esse
1241 986 1528 1069 equidem
1574 992 1748 1068 puto,
1816 984 2191 1067 praesertim
2237 1003 2374 1050 cum
2418 985 2648 1050 ceteris

220 1093 414 1159 rebus
456 1094 557 1159 bic
598 1094 909 1175 sophistes
953 1094 1186 1160 eximia
1228 1092 1435 1160 indole
1475 1100 1735 1175 praeter
1795 1093 1949 1158 alios
2005 1090 2289 1158 floruerit
2329 1090 2647 1173 aequales,

220 1200 283 1264 id
342 1200 509 1282 quod
562 1205 753 1265 antea
807 1200 1090 1282 pluribus
1145 1202 1404 1282 exposui
1460 1198 1687 1266 verbis.
1771 1199 2137 1265 Levioribus
2202 1198 2397 1280 igitur
2460 1196 2649 1264 rebus

220 1307 470 1372 omissis
511 1325 756 1372 summa
809 1325 1094 1389 quaeque
1146 1314 1394 1374 tantum
1453 1306 1741 1374 tractabo
1803 1306 2147 1390 statimque
2209 1302 2503 1372 accedam
2568 1303 2648 1371 ad

219 1411 538 1494 Imagines
578 1414 839 1495 priores,

391 1539 461 1619 a)
501 1538 710 1619 Atque
780 1538 859 1603 de
927 1536 1242 1605 montibus
1300 1540 1479 1621 ignes
1535 1538 1969 1606 eructantibus
2032 1545 2099 1605 et
2155 1538 2235 1605 de
2291 1538 2651 1620 gigantibus

219 1660 380 1728 haec
418 1661 656 1728 habent

473 1769 651 1834 Vita
712 1769 1148 1850 Apollonii:

306 1878 431 1941 174
471 1876 607 1959 (25)
650 1873 765 1940 τὰν
808 1878 1013 1960 Τυφῶ
1055 1878 1385 1946 δεδέσθαι

219 1977 364 2049 ἐκεῖ
402 1988 517 2047 καὶ
560 1982 691 2068 πῦρ
736 1978 810 2057 ἕξ
850 1979 1061 2050 αὐτοῦ
1108 1978 1384 2059 ἀνίστα-

221 2094 424 2166 σθαι,
512 2083 547 2153 ὃ
629 2086 823 2172 τύφει
908 2088 1028 2175 τὴν
1112 2092 1386 2177 Αἴτνην,

219 2192 471 2263 αὐτοὶ
517 2195 575 2260 δ’
618 2191 700 2270 ές
742 2200 1388 2280 πιθανωτέρους

218 2297 601 2386 ἀφικέσθαι
672 2298 908 2381 λόγους
969 2308 1104 2368 καὶ
1183 2328 1383 2386 προ-

219 2407 636 2493 σήκοντας
664 2416 842 2484 τοις
870 2412 1384 2493 φιλοσοφου-

221 2535 404 2580 σιν.
513 2515 675 2579 ‚177
696 2515 828 2596 (14)
870 2511 1116 2582 ἐκεῖνοι
1159 2516 1383 2600 (ποιη-

219 2626 360 2696 ταὶ)
448 2622 572 2703 μὲν
653 2618 781 2704 γάρ
851 2627 1053 2706 Τυφῶ
1124 2649 1274 2688 τινα
1348 2619 1382 2709 ἢ

208 2721 609 2807 Ἐγκέλαδον
631 2724 961 2791 δεδέσθαι
991 2734 1205 2811 φασὶν
1249 2724 1386 2794 ὓπὸ

219 2842 311 2921 τῷ
409 2827 548 2917 ὄρει
634 2838 747 2897 καὶ
828 2834 1385 2900 δυσθανατοῦντα

219 2935 644 3023 ἀσθμαίνειν
684 2944 760 3005 τὸ
803 2948 939 3026 πῦρ
982 2948 1197 3007 τοῦτο.
1246 2991 1259 3005 .
1307 2991 1321 3005 .
1369 2989 1384 3004 .

219 3049 343 3110 177
390 3045 526 3129 (28)
581 3051 704 3121 τίς
749 3040 892 3111 οὖν
936 3040 973 3131 ἢ
1017 3047 1171 3111 τῶν
1214 3071 1297 3112 το
1323 3073 1382 3111 ι-

220 3150 426 3216 ῶνδε
469 3146 672 3238 ὀρῶν
718 3151 989 3232 αἰτίας
1064 3162 1156 3237 γῆ
1201 3162 1385 3240 κρᾶ-

220 3276 361 3321 σιν
431 3252 863 3341 ἀσφάλτου
926 3263 1065 3324 καὶ
1134 3265 1384 3325 θείου

222 3367 758 3448 παρεχομένη
826 3364 1180 3449 τύφεται
1241 3369 1386 3449 μὲν

216 3474 352 3532 καὶ
398 3469 585 3551 παρ’
631 3467 935 3558 ἑαυτῆς
977 3469 1229 3556 φύσει

1664 1771 2067 1854 Imagines
2107 1773 2460 1855 priores:

1570 1881 1693 1943 365
1733 1878 1871 1961 (13)
1923 1872 1960 1963 ἣ
2006 1878 2225 1966 γραφὴ
2272 1881 2349 1948 δὲ
2389 1878 2473 1947 τά
2519 1888 2649 1946 τῶν

1488 1992 1786 2069 ποιητῶν
1827 1979 2208 2050 ἐπαινοῦσα
2266 1994 2380 2053 καὶ
2421 1995 2650 2071 μῦθον

1486 2099 1562 2180 τῇ
1634 2090 1811 2180 νήσῳ
1883 2091 2281 2178 ἐπιγράφει,
2367 2100 2649 2175 γίγαντα

1485 2221 1609 2280 μεν
1662 2199 2043 2283 βεβλῆσθαί
2099 2224 2265 2265 ποτε
2319 2200 2649 2281 ἐνταῦθα,

1489 2302 1928 2370 δυσθανατοῦ
1915 2330 2034 2370 ντι
2088 2306 2146 2370 δ’
2152 2302 2329 2396 αὐτῷ
2378 2306 2496 2410 τὴν
2538 2308 2648 2394 νῆ-

1487 2430 1613 2474 σον
1640 2406 1806 2476 ἕπει
1809 2416 2092 2496 εχθῆναι
2125 2412 2442 2496 δεσμοῦ“
2404 2438 2645 2493 ενεκεν,

1488 2516 1689 2581 εἴκειν
1720 2515 1794 2581 δὲ
1821 2514 2019 2601 μήπω
2050 2511 2275 2594 αὗτὸν,
2315 2513 2454 2583 ἄλλ’
2486 2544 2646 2583 ανα-

1486 2621 1838 2705 μάχεσθαι
1899 2618 2033 2688 ὑπὸ
2087 2633 2162 2713 τῇ
2211 2625 2288 2713 γῇ
2333 2620 2492 2689 ὄντα
2534 2631 2647 2689 καὶ

1486 2730 1562 2792 τὸ
1605 2736 1744 2814 πῦρ
1796 2738 1993 2795 τοῦτο
2048 2728 2173 2795 συν
2231 2724 2477 2818 άπειλῇ
2539 2728 2646 2797 ἐκ·

1488 2839 1704 2899 πνεῖν.
1790 2836 1911 2898 365
1949 2836 2041 2917 (9)
2104 2841 2240 2899 καὶ
2304 2839 2644 2922 φιλοσο-

1485 2948 1687 3024 φεῖν
1767 2944 1908 3023 μὲν
1989 2944 2469 3031 βουλομένῳ
2554 2939 2645 3007 τά

1486 3047 1842 3111 τοιαῦτα
1907 3057 2154 3131 νῆσος
2207 3043 2645 3130 ἀσφάλτου

1484 3157 1628 3216 καὶ
1754 3156 1996 3217 θείου
2123 3158 2645 3240 παρεχομένη

1484 3284 1521 3323 κ
1538 3283 1573 3344 ρ
1592 3259 1640 3321 οἱ
1654 3276 1733 3322 σι
1752 3282 1789 3321 ν
1811 3259 1885 3339 ¹),
1970 3258 2254 3323 ἐπειδάν
2311 3254 2422 3345 ὑφ’
2487 3254 2647 3336 ἆλὸς

1485 3361 1876 3450 άναβρωθῇ,
1919 3366 2194 3441 πολλοῖς
2238 3362 2645 3452 ἐκπυροῦται

1481 3470 1862 3552 πνεύμασιν
1907 3520 1920 3535 .
1968 3523 1980 3536 .
2031 3523 2043 3537 .

384 3642 456 3706 In
500 3645 632 3710 vita
676 3646 986 3727 Apollonii
1026 3646 1445 3710 Philostratus
1488 3643 1567 3709 ΙΙ.
1629 3650 1848 3709 narrat
1905 3644 2297 3725 Apollonium
2358 3646 2644 3710 Catinam

218 3766 361 3812 cum
419 3750 746 3816 comitibus
799 3753 929 3818 suis
979 3759 1304 3834 petentem
1360 3751 1729 3816 Catinenses
1793 3751 2107 3835 audivisse
2172 3751 2441 3817 imbutos
2507 3770 2646 3816 esse

215 3854 507 3936 opinione
561 3856 923 3938 Typhonem
994 3858 1313 3940 gigantem
1390 3876 1474 3921 ex
1545 3861 1755 3921 Aetna
1823 3863 2035 3922 monte
2103 3856 2282 3937 ignes
2354 3874 2645 3921 evomere

214 3961 495 4026 vinctum
537 3960 654 4027 sub
695 3962 814 4028 hoc
848 3963 1198 4045 J‘acentem;
1272 3981 1457 4044 quam
1501 3962 1889 4028 occasionem
1931 3968 2186 4027 nactum
2231 3963 2643 4043 Apollonium,

216 4085 381 4149 quae
426 4086 580 4132 vera
620 4067 806 4133 huius
847 4068 943 4133 rei
985 4087 1175 4133 causa
1219 4075 1417 4147 esset,
1490 4066 1818 4134 comitibus
1862 4070 1992 4134 suis
2034 4068 2255 4132 talium
2300 4085 2511 4132 rerum
2552 4067 2645 4148 ig-

215 4175 388 4238 naris
453 4175 845 4256 exposuisse3
916 4194 1037 4241 non
1107 4176 1322 4257 inepta
1384 4175 1579 4256 igitur
1640 4173 1753 4239 hoc
1819 4174 1954 4240 loco
2019 4193 2093 4238 ea
2153 4180 2254 4237 est
2295 4171 2644 4253 explicatiO,

360 4403 413 4470 1>
453 4404 653 4460 Semin.
692 4405 992 4460 Vindobon.
1035 4405 1250 4459 sodales
1289 4405 1515 4475 legunt:

994 4503 1194 4564 „oecon
1230 4505 1585 4574 παρεχομένη
1624 4519 1669 4572 φ
1689 4497 1908 4555 baar-⁸²
