3109 5142
1464 396 1838 459 ...g-

607 576 891 657 Quantas
954 576 1362 644 difficultates
1427 575 1586 641 haec
1650 572 2014 640 testimonia
2069 554 2452 653 praebeant,
2529 587 2671 635 eum
2736 567 2868 650 Jam

440 683 624 750 multi
665 683 1146 766 disputaverint,
1193 701 1314 748 non
1359 680 1635 746 alienum
1679 698 1820 745 esse
1863 679 2014 745 mihi
2052 675 2306 743 videtur
2337 675 2623 757 inprimis
2651 672 2870 756 paucis

439 788 671 855 afferre
712 787 922 855 verbis
963 788 1212 855 illorum
1253 787 1373 853 hac
1416 787 1497 852 de
1539 804 1612 852 re
1646 783 1970 868 jndicium.

1606 1055 1686 1120 Π.

495 1254 708 1349 Quid
761 1254 1074 1352 singuli
1138 1254 1376 1349 eique
1440 1252 1667 1329 dooti
1715 1250 1874 1326 viri
1926 1249 2026 1325 de
2094 1247 2229 1323 his
2280 1243 2821 1322 Philostratis

1406 1372 1911 1450 censuerint.

605 1580 815 1657 Atque
859 1575 1143 1641 ordinem
1186 1575 1366 1657 quasi
1408 1574 1602 1640 ducat

1197 1705 1557 1771 Joannes
1597 1703 2103 1786 Meursius1).

440 1814 697 1883 Erroris
740 1810 1143 1877 manifestum
1186 1817 1367 1877 tenet
1408 1811 1509 1876 hic
1552 1810 1650 1875 vir
1678 1810 1954 1895 suidam,
1998 1809 2104 1892 qui
2147 1807 2316 1873 dicat
2344 1805 2793 1872 Philostratum
2819 1798 2864 1865 l.

439 1919 559 1988 sub
594 1919 866 1999 Nerone,
914 1917 1368 2012 Philostratum
1397 1917 1474 1983 ΙΙ.
1548 1917 1767 1984 Severi
1808 1916 2004 1981 fuisse
2050 1912 2461 1996 temporibus3
2505 1927 2647 1976 nam
2690 1907 2868 1972 illum

439 2026 628 2107 hujus
704 2043 843 2090 esse
915 2042 1101 2090 avum
1174 2029 1554 2103 maternum,
1629 2042 1751 2089 non
1822 2029 2089 2105 patrem.
2218 2018 2461 2085 Deinde
2533 2011 2870 2097 „Hesychii

439 2132 623 2198 falsi“
646 2133 702 2213 ²)
765 2131 1148 2196 auctoritate
1211 2132 1401 2197 nixus
1465 2131 1641 2211 prius
1707 2130 2057 2210 Imaginum
2132 2144 2288 2208 opus
2353 2123 2738 2189 Philostrato
2799 2118 2865 2195 1.,

439 2239 713 2304 alterum
779 2243 994 2302 autem
1060 2235 1441 2303 Philostrato
1483 2235 1564 2301 11.
1633 2235 1904 2320 (auctori
1968 2234 2137 2298 vitae
2206 2228 2534 2312 Apollonii,
2599 2225 2867 2303 Heroici,

441 2342 903 2428 Epistularum)
964 2342 1291 2424 attribuit3
1350 2342 1649 2409 librorum
1707 2343 1786 2407 de
1830 2340 2126 2423 sophistis
2169 2357 2321 2404 vero
2363 2342 2685 2402 auctorem
2730 2350 2869 2398 esse

441 2449 896 2515 Philostratum
939 2449 1051 2515 111.
1138 2448 1318 2528 Quod
1359 2448 1587 2514 Suidas
1632 2447 1984 2523 tradiderit,
2030 2446 2480 2512 Philostratum
2511 2441 2623 2508 III.
2710 2437 2869 2502 Ner-

441 2554 609 2620 viani
652 2549 1189 2638 ἆδελφόπαιδο
1211 2580 1241 2631 ς
1296 2551 1664 2620 Philostrati
1706 2555 1788 2620 II.
1846 2554 2040 2618 fuisse
2096 2551 2314 2629 filium,
2371 2547 2684 2614 Meursius
2745 2561 2866 2608 non

440 2666 620 2724 recte
675 2659 831 2724 illud
885 2679 955 2725 se
1015 2660 1248 2725 habere
1306 2666 1539 2740 monet,
1594 2659 1707 2726 sed
1760 2661 1896 2725 loco
1951 2656 2285 2725 emendato
2327 2652 2661 2735 legendum
2704 2667 2872 2714 esse:

440 2763 955 2851 »Φιλόστρατος
1016 2773 1396 2853 Νερβιανοῦ
1463 2762 1938 2852 ἀδελφόπαις
2005 2759 2467 2850 Φιλοστράτου
2535 2759 2654 2823 τοῦ
2718 2755 2871 2821 δευ-

446 2874 717 2954 τέρου.“

609 2976 749 3042 Non
790 2978 979 3042 aliter
1021 2983 1212 3058 atque
1255 2978 1569 3043 Meursius
1612 2979 1707 3043 his
1750 2978 1830 3043 de
1873 2975 2172 3058 sophistis
2206 2973 2452 3056 judicat

1441 3110 1771 3175 Vossius
1792 3112 1862 3185 ³,

446 3213 554 3294 qui
595 3220 814 3279 censet
855 3214 1311 3281 Philostratum
1352 3215 1432 3282 II.
1481 3120 1842 3297 (auctorem)
1875 3215 2045 3279 vitae
2093 3210 2428 3292 Apollonii)
2489 3209 2625 3291 ejus
2674 3205 2874 3271 Philo-

448 3319 656 3398 strati,
720 3320 827 3401 qui
890 3319 1265 3403 Vespasiani
1327 3328 1393 3387 et
1457 3321 1584 3386 Titi
1651 3319 2039 3403 temporibus
2103 3317 2330 3397 fuerit,
2393 3335 2474 3381 ex
2540 3314 2670 3378 filia
2717 3328 2873 3386 ,esse

596 3545 651 3616 1)
688 3547 725 3602 J
728 3563 775 3602 0.
810 3547 1042 3601 Meursii
1079 3547 1300 3602 dissert.
1342 3548 1409 3602 de
1448 3547 1822 3604 Philostratis.
1883 3545 2207 3602 Praemissis
2245 3544 2415 3600 editis
2452 3544 2524 3599 ab
2562 3559 2626 3598 eo
2664 3544 2874 3614 epistu-

450 3640 538 3696 lis.
613 3640 892 3697 Amsterd.
928 3640 1233 3696 MDCXVI.

595 3736 652 3803 2)
696 3732 1079 3810 Φιλόστρατος
1116 3731 1146 3786 ὅ
1183 3732 1441 3808 Λήμνιος
1477 3730 1508 3786 ὅ
1546 3733 1647 3796 τὰς
1699 3732 1922 3795 εἰκόνας
1965 3732 2199 3805 γράψας
2252 3733 2375 3795 vids·
2411 3727 2482 3804 ἦν
2518 3736 2616 3787 τοῦ
2653 3734 2874 3808 πρώτου

452 3832 729 3902 σοφιστοῦ
768 3827 1153 3904 Φιλοστράτου
1199 3835 1492 3902 Λημνίου·
1547 3817 1711 3889 οὗτος
1764 3824 1792 3881 ὅ
1846 3827 2124 3904 δεύτερος“
2155 3833 2555 3902 ἔσοφίστευσεν
2605 3835 2666 3882 ἔν
2711 3825 2875 3897 Ἀθῆ-

451 3943 595 3994 ναις,
634 3920 756 3979 εἶτα
793 3931 854 3978 ἓν
886 3919 1071 3998 Ῥώμῃ
1110 3926 1198 3978 ἐπὶ
1236 3924 1487 3995 Σεβήρου
1526 3928 1629 3979 τοῦ
1663 3924 1976 3995 βασιλέως.“
2058 3923 2175 3990 Quo
2226 3925 2293 3980 de
2345 3924 2532 3979 libello
2570 3923 2639 3978 K.
2679 3923 2878 3979 Krum-

453 4018 726 4075 bachatus
765 4018 825 4073 in
862 4034 1024 4088 opere
1063 4035 1183 4083 suo,
1220 4020 1363 4087 quod
1403 4019 1773 4086 „Geschiehte
1813 4019 1911 4074 der
1938 4019 2408 4087 Byzantinischen
2438 4017 2875 4073 Litteratur...“

452 4112 795 4177 inscribitur,
831 4113 969 4169 haec
996 4120 1417 4170 commemorat:
1463 4114 1674 4184 „Dafiir
1711 4113 1825 4181 (fiir
1864 4114 1968 4168 den
1996 4113 2416 4183 vollstandigen
2450 4108 2885 4184 Ὀνοματολόγος

455 4208 553 4266 des
575 4207 906 4278 Hesychius)
941 4209 1120 4264 haben
1159 4209 1263 4263 wir
1299 4209 1388 4263 eiu
1427 4208 1640 4265 kleines
1678 4209 1790 4264 und
1830 4209 1992 4263 recht
2026 4208 2442 4278 nichtuutziges
2470 4207 2740 4263 Biichlein
2777 4204 2880 4262 mit

459 4303 581 4358 dem
600 4301 1189 4372 vielverspreohenden
1211 4303 1390 4358 Titel:
1432 4305 1613 4378 „11591
1649 4306 1762 4356 τῶν
1797 4310 1858 4357 ἔν
1894 4303 2127 4375 παιδείᾳ
2165 4298 2609 4375 διαλαμψάντων
2633 4304 2879 4373 σοφῶν“,

457 4398 516 4454 in
555 4397 818 4456 welchem
855 4412 982 4452 man
1019 4396 1208 4452 fruher
1246 4398 1352 4452 den
1389 4398 1699 4467 Hesychius
1737 4414 1809 4453 zu
1845 4398 2029 4453 finden
2067 4398 2351 4468 glaubte.“

607 4491 664 4563 3)
701 4491 830 4548 Ger.
868 4492 1032 4549 Joan.
1065 4491 1249 4547 Vossii
1285 4508 1381 4548 ars
1413 4492 1542 4548 hist.
1582 4493 1677 4548 lib.
1714 4493 1788 4549 11.
1829 4509 1948 4564 cap.
1975 4492 2096 4550 XV.
2134 4493 2315 4564 Lugd.
2355 4493 2483 4549 Bat.
2522 4491 2881 4548 MDCLXIII.
