3109 5142
1400 382 1814 446 ..42-

405 558 592 639 roico,
636 578 800 642 quae
841 559 1011 626 inter
1051 579 1121 627 se
1165 561 1542 644 discrepent,
1617 563 1774 630 haec
1817 565 2054 645 scripta
2097 565 2205 630 uni
2247 565 2575 647 eidemque
2624 564 2847 630 Philo-

400 669 605 731 strato
647 666 802 730 nihil
845 685 985 732 esse
1030 667 1433 735 attribuenda
1483 687 1729 736 censeo.
1817 671 1979 736 Nam
2037 676 2105 736 et
2157 673 2351 738 vitam
2415 672 2723 754 Apollonii
2769 679 2852 736 et

402 770 759 851 Heroicum‚
802 773 857 837 si
895 773 1065 840 idem
1104 775 1555 856 composuisset
1597 776 1931 858 sophisteS,
1975 777 2140 843 hunc
2182 779 2414 844 iterum
2458 784 2651 861 atque
2692 796 2847 843 sae-

398 876 543 958 pius
582 876 648 941 in
690 895 814 944 uno
852 878 1010 945 libro
1051 880 1131 945 de
1175 880 1398 947 eadem
1440 901 1511 947 re
1567 882 1756 948 aliter
1795 889 1986 965 atque
2035 884 2100 948 in
2157 885 2359 949 altero
2405 882 2849 966 judicaturum

403 981 598 1048 fuisse
637 982 806 1049 haud
849 984 942 1049 ita
986 986 1325 1051 verisimile
1368 1005 1508 1054 esse
1548 988 1865 1054 existimo.
1910 1012 1918 1021 ·

569 1093 781 1174 Atque
823 1092 981 1158 haec
1020 1094 1271 1176 quidem
1312 1095 1393 1161 de
1433 1115 1649 1162 rerum
1691 1097 2140 1178 repugnantia3
2208 1097 2356 1162 mihi
2393 1098 2526 1179 jam
2567 1097 2853 1177 scriptor

406 1196 660 1263 Heroici
701 1200 795 1265 ita
834 1201 1103 1283 vestigia
1145 1203 1302 1283 eJus,
1347 1204 1475 1285 [qui
1517 1204 1713 1269 vitam
1758 1203 2070 1285 Apollonii
2113 1204 2497 1285 conscripsit,
2542 1204 2853 1269 universa

407 1304 636 1386 legisse
680 1305 950 1388 videtur,
1010 1315 1084 1375 ut
1125 1328 1569 1391 nonnunquam
1612 1329 1791 1377 suam
1833 1313 1969 1392 ipse
2011 1312 2394 1378 sententiam
2456 1311 2854 1376 immisceret

409 1417 601 1494 atque
642 1413 910 1482 iniceret
949 1419 1314 1484 narrationi.

577 1543 645 1609 C.
731 1544 821 1612 Ut
875 1546 1008 1627 ¹iam
1073 1545 1154 1611 ad
1210 1546 1456 1630 reliqua
1511 1566 1795 1631 pergam,
1870 1566 1962 1613 ea
2023 1548 2412 1628 tractabo,
2487 1565 2678 1629 quae
2742 1564 2856 1610 ex

409 1648 885 1717 imitatione
923 1653 1292 1734 profecta
1334 1674 1515 1721 esse
1560 1655 1961 1722 videntur.

574 1755 918 1847 Maximum
964 1760 1129 1824 enim
1170 1760 1630 1843 documentum,
1701 1760 1869 1827 unde
1921 1766 2208 1845 apparet,
2278 1779 2464 1843 quam
2508 1758 2658 1824 nihil
2699 1776 2857 1839 per-

411 1863 564 1929 fecti
607 1863 686 1928 ad
729 1863 1000 1945 primum
1039 1866 1235 1932 ullum
1289 1869 1648 1950 exemplum
1706 1869 1975 1950 exprimi
2025 1867 2243 1950 possit,
2317 1885 2391 1932 ea
2441 1870 2606 1943 sunt,
2679 1882 2856 1946 quae

412 1969 719 2036 imitando
759 1976 911 2036 sunt
965 1970 1176 2038 efficta
1197 1972 1272 2057 ¹).
1351 1974 1416 2040 Si
1476 1992 1601 2040 non
1665 1973 1968 2053 omnibus,
2041 1979 2256 2039 tamen
2319 1971 2629 2039 nonnullis
2689 1971 2858 2035 locis

413 2077 751 2143 imitatoris
800 2114 884 2126 —
939 2079 1222 2160 quamvis
1278 2079 1364 2145 sit
1428 2079 1652 2146 sollers
1706 2086 1898 2163 atque
1954 2079 2199 2146 subtilis
2239 2114 2323 2126 —-
2362 2078 2683 2160 ingenium
2734 2075 2860 2140 de-

416 2181 849 2265 prehendetur
888 2190 1080 2265 atque
1128 2185 1396 2267 vestigia
1426 2185 1711 2251 imitandi
1742 2185 2153 2268 apparebunt,
2199 2204 2339 2251 cum
2380 2185 2488 2249 ille
2527 2181 2859 2249 interdum

415 2307 619 2371 neque
673 2307 785 2353 suo
840 2294 1124 2371 tempore
1175 2308 1380 2372 neque
1440 2292 1595 2371 1000,
1668 2310 1830 2375 quae
1881 2291 2135 2356 aliunde
2177 2290 2367 2368 novit,
2439 2308 2515 2354 ea
2558 2290 2620 2354 in
2662 2307 2859 2354 suum

417 2413 600 2461 usum
641 2401 817 2460 recte
859 2400 1229 2462 convertere
1272 2397 1449 2462 sciat.
1536 2395 1718 2462 Unde
1773 2396 1913 2462 fieri
1977 2401 2207 2478 potest,
2281 2400 2351 2461 ut
2413 2395 2494 2475 id,
2567 2395 2729 2477 quod
2782 2397 2858 2460 in

417 2501 617 2583 primo
669 2501 877 2582 aliquo
938 2503 1222 2583 exemplo
1282 2503 1519 2585 optime
1575 2503 1865 2585 quadrat,
1939 2520 2380 2585 nonnunquam
2433 2503 2535 2568 vel
2578 2501 2862 2567 maxime

413 2606 684 2689 legentis
725 2608 1002 2673 animum
1043 2607 1337 2689 offendat,
1414 2609 1470 2674 si
1525 2610 1735 2676 nescio
1787 2610 1926 2692 quis
1977 2610 2140 2675 alius
2184 2609 2456 2690 scriptor
2504 2607 2620 2672 hoc
2664 2625 2861 2673 suum

415 2713 756 2779 contulerit
805 2713 869 2779 in
927 2714 1173 2780 librum.
1258 2716 1468 2797 Atque
1531 2715 1956 2781 Philostratus
1995 2716 2075 2780 II.
2141 2722 2206 2780 et
2269 2716 2404 2795 ipse
2470 2713 2718 2795 quidem
2786 2714 2862 2779 in

417 2820 668 2902 scriptis
709 2822 869 2886 suis:
962 2821 1133 2904 „vita
1175 2821 1503 2903 Apollonii,
1564 2822 1713 2887 vitis
1754 2821 2036 2902 sophist.‚
2085 2821 2527 2904 Gymnastico“
2572 2855 2652 2865 —
2692 2819 2866 2885 haec

422 2927 589 2992 enim
632 2925 1001 2992 Philostrati
1045 2926 1124 2992 11.
1170 2945 1310 2993 esse
1371 2926 1660 3009 equidem
1709 2928 1843 3009 ,iam
1901 2927 2054 2992 mihi
2104 2925 2393 3009 persuasi
2434 2962 2516 2974 —
2555 2925 2867 2991 nonnulla

417 3035 631 3113 iterat,
704 3033 816 3098 sed
874 3052 1183 3116 nusquam
1243 3053 1364 3101 non
1417 3052 1640 3100 sensus
1694 3032 1855 3100 bene
1917 3032 2189 3116 quadrat
2248 3038 2443 3114 atque
2484 3030 2736 3097 iteratio
2779 3049 2865 3096 re

422 3140 561 3222 ipsa
602 3140 773 3221 posci
817 3138 1081 3205 videtur.
1167 3141 1258 3205 Ut
1312 3139 1439 3205 alia
1480 3140 1803 3220 omittam,
1868 3158 2063 3206 unum
2116 3139 2276 3205 satis
2329 3136 2571 3204 habebo
2627 3135 2869 3202 afferre

424 3247 817 3329 exemplum:

587 3354 1040 3435 Imperatorem
1082 3352 1510 3419 Domitianum
1552 3372 1714 3420 nova
1755 3354 1968 3420 vineta
2008 3352 2254 3419 institui
2299 3350 2606 3429 vetuisse,
2679 3348 2870 3414 insti-

425 3466 568 3527 tuta
611 3459 812 3526 deleri
848 3459 1110 3540 jussisse
1154 3463 1222 3524 et
1261 3460 1325 3523 in
1368 3460 1500 3525 vita
1540 3459 1852 3541 Apollonii
1874 3462 1927 3540 2)
1976 3459 2133 3524 etin
2179 3458 2324 3523 vitis
2353 3456 2776 3538 sophistarum
2807 3457 2869 3538 3)

424 3567 661 3633 eisdem
703 3554 840 3631 fere
881 3565 1089 3632 verbis
1132 3573 1675 3646 commemoratur,
1719 3584 1925 3647 neque
1969 3572 2180 3631 tamen
2210 3566 2329 3630 hac
2358 3564 2438 3628 de
2468 3580 2539 3626 re
2569 3563 2868 3642 ineptum

428 3692 567 3739 esse
634 3672 901 3738 videtur.
987 3671 1324 3753 Utrimque
1388 3673 1552 3736 enim
1623 3692 1744 3737 non
1816 3673 1952 3737 sine
2015 3689 2205 3737 causa
2270 3670 2424 3735 haec
2486 3667 2872 3733 afferuntur.

428 3779 521 3845 Ibi
568 3778 930 3861 Apollonius
973 3777 1222 3847 Ionibus
1265 3785 1486 3844 auctor
1529 3778 1778 3844 exstitit
1835 3777 2167 3859 legationis
2223 3776 2299 3841 de
2353 3774 2584 3842 vitibus
2625 3772 2707 3838 ad
2749 3773 2873 3837 im-

430 3893 790 3969 peratorem
832 3885 1209 3965 mittendae,
1287 3886 1387 3952 hic
1429 3886 1493 3950 in
1537 3886 1668 3952 vita
1711 3885 2059 3968 Scopeliani
2112 3902 2254 3949 cum
2308 3882 2432 3947 alia
2488 3880 2873 3961 afferuntur,

433 4001 568 4060 tum
610 4010 874 4074 prosper
917 3997 1184 4058 eventus
1227 3991 1559 4074 legationis
1600 3991 1681 4058 ab
1722 3992 1831 4058 illo
1875 3991 2096 4057 eadem
2147 3990 2226 4055 de
2282 4006 2472 4055 causa
2526 3985 2607 4052 ad
2654 3986 2873 4051 Domi-

581 4222 632 4284 1)
677 4219 821 4287 „Der
857 4218 1014 4274 beste
1052 4216 1267 4272 Beweis
1316 4217 1407 4274 fiir
1456 4217 1543 4273 die
1592 4213 2186 4273 Unnachahmlichkeit
2236 4214 2333 4269 des
2384 4210 2702 4281 Originales
2739 4208 2870 4265 sind

437 4314 526 4370 die
563 4312 1087 4383 Nachahmungen“.

578 4410 634 4474 2)
675 4408 776 4465 vit.
815 4409 996 4478 Apoll.
1034 4408 1139 4461 252
1177 4407 1292 4475 (21)
1327 4447 1341 4461 .
1384 4450 1395 4463 .
1437 4449 1449 4462 .

581 4505 637 4577 3)
676 4504 777 4562 vit.
816 4503 966 4576 soph.
1005 4503 1074 4560 33
1111 4504 1226 4573 (17)
1268 4544 1281 4558 .
1322 4544 1334 4558 .
1376 4544 1388 4558 .
