<?xml version="1.0" encoding="UTF-8"?>
<!DOCTYPE html PUBLIC "-//W3C//DTD XHTML 1.0 Transitional//EN"
    "http://www.w3.org/TR/xhtml1/DTD/xhtml1-transitional.dtd">
<html xmlns="http://www.w3.org/1999/xhtml" xml:lang="en" lang="en">
 <head>
  <title>
</title>
<meta http-equiv="Content-Type" content="text/html;charset=utf-8" />
  <meta name='ocr-system' content='tesseract 3.04.00' />
  <meta name='ocr-capabilities' content='ocr_page ocr_carea ocr_par ocr_line ocrx_word'/>
</head>
<body>
  <div class='ocr_page' id='page_1' title='image "./dephilostratiss00fertgoog_0040.png"; bbox 0 0 3109 5142; ppageno 0'>
   <div class='ocr_carea' id='block_1_1' title="bbox 1449 401 1870 466">
    <p class='ocr_par' dir='ltr' id='par_1_1' title="bbox 1449 401 1870 466">
     <span class='ocr_line' id='line_1_1' title="bbox 1449 401 1870 466; baseline 0.002 -19"><span class='ocrx_word' id='word_1_1' title='bbox 1449 401 1870 466; x_wconf 74' lang='lat' dir='ltr'><strong><em>...3g...</em></strong></span> 
     </span>
    </p>
   </div>
   <div class='ocr_carea' id='block_1_2' title="bbox 462 576 2888 4602">
    <p class='ocr_par' dir='ltr' id='par_1_2' title="bbox 534 576 2145 668">
     <span class='ocr_line' id='line_1_2' title="bbox 534 576 2145 668; baseline -0.002 -20"><span class='ocrx_word' id='word_1_2' title='bbox 534 584 615 648; x_wconf 89' lang='grc'><strong><em>86</em></strong></span> <span class='ocrx_word' id='word_1_3' title='bbox 659 582 795 666; x_wconf 91' lang='grc'>(21)</span> <span class='ocrx_word' id='word_1_4' title='bbox 844 576 920 646; x_wconf 79' lang='grc' dir='ltr'><strong><em>ὃν</em></strong></span> <span class='ocrx_word' id='word_1_5' title='bbox 964 580 1040 646; x_wconf 79' lang='grc' dir='ltr'><strong><em>δὲ</em></strong></span> <span class='ocrx_word' id='word_1_6' title='bbox 1083 581 1339 668; x_wconf 84' lang='grc' dir='ltr'><strong><em>εἴρηται</em></strong></span> <span class='ocrx_word' id='word_1_7' title='bbox 1383 579 1660 668; x_wconf 82' lang='grc' dir='ltr'><strong><em>τρόπον,</em></strong></span> <span class='ocrx_word' id='word_1_8' title='bbox 1705 579 1832 662; x_wconf 74' lang='grc' dir='ltr'><strong><em>ἐγώ</em></strong></span> <span class='ocrx_word' id='word_1_9' title='bbox 1874 578 2145 666; x_wconf 80' lang='grc' dir='ltr'><strong><em>δηλώσω</em></strong></span> 
     </span>
    </p>

    <p class='ocr_par' dir='ltr' id='par_1_3' title="bbox 539 684 1905 774">
     <span class='ocr_line' id='line_1_3' title="bbox 539 684 1905 774; baseline 0.001 -22"><span class='ocrx_word' id='word_1_10' title='bbox 539 690 658 754; x_wconf 92' lang='grc'><strong><em>165</em></strong></span> <span class='ocrx_word' id='word_1_11' title='bbox 702 689 840 772; x_wconf 86' lang='grc'>(23)</span> <span class='ocrx_word' id='word_1_12' title='bbox 884 687 1083 770; x_wconf 91' lang='grc' dir='ltr'><strong><em>λόγου</em></strong></span> <span class='ocrx_word' id='word_1_13' title='bbox 1125 684 1286 763; x_wconf 81' lang='grc' dir='ltr'><strong><em>ἄξια</em></strong></span> <span class='ocrx_word' id='word_1_14' title='bbox 1335 688 1607 774; x_wconf 82' lang='grc' dir='ltr'><em>δηλώσω</em></span> <span class='ocrx_word' id='word_1_15' title='bbox 1650 690 1905 773; x_wconf 83' lang='grc' dir='ltr'><strong><em>μᾶλλον</em></strong></span> 
     </span>
    </p>

    <p class='ocr_par' dir='ltr' id='par_1_4' title="bbox 535 793 2128 883">
     <span class='ocr_line' id='line_1_4' title="bbox 535 793 2128 883; baseline 0 -23"><span class='ocrx_word' id='word_1_16' title='bbox 535 796 655 861; x_wconf 91' lang='grc'><strong><em>201</em></strong></span> <span class='ocrx_word' id='word_1_17' title='bbox 701 798 795 881; x_wconf 90' lang='grc'><strong><em>(7)</em></strong></span> <span class='ocrx_word' id='word_1_18' title='bbox 842 793 1104 862; x_wconf 74' lang='grc' dir='ltr'><strong><em>ὁπόθεν</em></strong></span> <span class='ocrx_word' id='word_1_19' title='bbox 1148 799 1405 881; x_wconf 81' lang='grc' dir='ltr'><em>ξυνέβη,</em></span> <span class='ocrx_word' id='word_1_20' title='bbox 1460 797 1759 883; x_wconf 80' lang='grc' dir='ltr'><strong><em>δηλῶσαι</em></strong></span> <span class='ocrx_word' id='word_1_21' title='bbox 1799 795 2128 879; x_wconf 84' lang='grc' dir='ltr'><strong><em>βούλομαι</em></strong></span> 
     </span>
    </p>

    <p class='ocr_par' dir='ltr' id='par_1_5' title="bbox 533 900 2025 988">
     <span class='ocr_line' id='line_1_5' title="bbox 533 900 2025 988; baseline 0 -22"><span class='ocrx_word' id='word_1_22' title='bbox 533 906 657 969; x_wconf 85' lang='grc'><strong><em>205</em></strong></span> <span class='ocrx_word' id='word_1_23' title='bbox 701 904 794 985; x_wconf 98' lang='grc'><strong><em>(7)</em></strong></span> <span class='ocrx_word' id='word_1_24' title='bbox 840 900 966 981; x_wconf 77' lang='grc' dir='ltr'><strong><em>ὅ,τι</em></strong></span> <span class='ocrx_word' id='word_1_25' title='bbox 1009 900 1347 987; x_wconf 83' lang='grc' dir='ltr'><strong><em>βούλεται,</em></strong></span> <span class='ocrx_word' id='word_1_26' title='bbox 1395 955 1407 970; x_wconf 92' lang='grc'><strong>.</strong></span> <span class='ocrx_word' id='word_1_27' title='bbox 1455 955 1469 969; x_wconf 92' lang='grc'><strong>.</strong></span> <span class='ocrx_word' id='word_1_28' title='bbox 1516 955 1531 969; x_wconf 91' lang='grc'><strong>.</strong></span> <span class='ocrx_word' id='word_1_29' title='bbox 1576 901 1707 985; x_wconf 74' lang='grc' dir='ltr'><strong><em>ἐγώ</em></strong></span> <span class='ocrx_word' id='word_1_30' title='bbox 1750 902 2025 988; x_wconf 79' lang='grc' dir='ltr'><strong><em>δηλώσω</em></strong></span> 
     </span>
    </p>

    <p class='ocr_par' dir='ltr' id='par_1_6' title="bbox 529 1002 2189 1099">
     <span class='ocr_line' id='line_1_6' title="bbox 529 1002 2189 1099; baseline -0.002 -25"><span class='ocrx_word' id='word_1_31' title='bbox 529 1011 657 1074; x_wconf 87' lang='grc'><strong><em>254</em></strong></span> <span class='ocrx_word' id='word_1_32' title='bbox 698 1010 835 1091; x_wconf 88' lang='grc'>(12)</span> <span class='ocrx_word' id='word_1_33' title='bbox 883 1007 1007 1087; x_wconf 54' lang='lat' dir='ltr'><strong><em>&amp;a</em></strong></span> <span class='ocrx_word' id='word_1_34' title='bbox 1051 1006 1308 1099; x_wconf 72' lang='grc' dir='ltr'><strong><em>ἑκάστῳ</em></strong></span> <span class='ocrx_word' id='word_1_35' title='bbox 1353 1006 1586 1095; x_wconf 80' lang='grc' dir='ltr'><strong><em>ὄνομα,</em></strong></span> <span class='ocrx_word' id='word_1_36' title='bbox 1632 1008 1907 1095; x_wconf 91' lang='grc' dir='ltr'><em>δηλώσω</em></span> <span class='ocrx_word' id='word_1_37' title='bbox 1952 1002 2189 1074; x_wconf 79' lang='grc' dir='ltr'><strong><em>αὗτίκα</em></strong></span> 
     </span>
    </p>

    <p class='ocr_par' dir='ltr' id='par_1_7' title="bbox 534 1111 2588 1309">
     <span class='ocr_line' id='line_1_7' title="bbox 534 1111 2588 1202; baseline 0 -23"><span class='ocrx_word' id='word_1_38' title='bbox 534 1118 660 1181; x_wconf 90' lang='grc'><strong><em>266</em></strong></span> <span class='ocrx_word' id='word_1_39' title='bbox 703 1117 838 1200; x_wconf 94' lang='grc'>(19)</span> <span class='ocrx_word' id='word_1_40' title='bbox 883 1111 985 1180; x_wconf 75' lang='grc' dir='ltr'><strong><em>ὅτι</em></strong></span> <span class='ocrx_word' id='word_1_41' title='bbox 1032 1111 1148 1183; x_wconf 79' lang='grc' dir='ltr'><strong><em>οὗκ</em></strong></span> <span class='ocrx_word' id='word_1_42' title='bbox 1187 1112 1269 1201; x_wconf 76' lang='grc' dir='ltr'><strong><em>ἦν</em></strong></span> <span class='ocrx_word' id='word_1_43' title='bbox 1309 1141 1424 1202; x_wconf 92' lang='grc' dir='ltr'><strong><em>μοι</em></strong></span> <span class='ocrx_word' id='word_1_44' title='bbox 1471 1118 1851 1202; x_wconf 78' lang='grc' dir='ltr'><strong><em>διαφυγεῖν,</em></strong></span> <span class='ocrx_word' id='word_1_45' title='bbox 1918 1116 2219 1200; x_wconf 80' lang='grc' dir='ltr'><strong><em>δηλῶσαι</em></strong></span> <span class='ocrx_word' id='word_1_46' title='bbox 2261 1111 2588 1198; x_wconf 79' lang='grc' dir='ltr'><strong><em>βούλομαι</em></strong></span> 
     </span>
     <span class='ocr_line' id='line_1_8' title="bbox 537 1218 2076 1309; baseline -0.001 -23"><span class='ocrx_word' id='word_1_47' title='bbox 537 1225 662 1289; x_wconf 92' lang='grc'><strong><em>299</em></strong></span> <span class='ocrx_word' id='word_1_48' title='bbox 706 1222 842 1307; x_wconf 85' lang='grc'>(20)</span> <span class='ocrx_word' id='word_1_49' title='bbox 890 1218 1153 1287; x_wconf 79' lang='grc' dir='ltr'><strong><em>ὁπόθεν</em></strong></span> <span class='ocrx_word' id='word_1_50' title='bbox 1176 1219 1672 1309; x_wconf 77' lang='grc' dir='ltr'><strong><em>έφιλοσοφηθη,</em></strong></span> <span class='ocrx_word' id='word_1_51' title='bbox 1718 1221 2076 1308; x_wconf 79' lang='grc' dir='ltr'><strong><em>δεδήλωκα.</em></strong></span> 
     </span>
    </p>

    <p class='ocr_par' dir='ltr' id='par_1_8' title="bbox 618 1342 2565 1433">
     <span class='ocr_line' id='line_1_9' title="bbox 618 1342 2565 1433; baseline -0.002 -21"><span class='ocrx_word' id='word_1_52' title='bbox 618 1347 774 1413; x_wconf 80' lang='lat' dir='ltr'><strong>Vit.</strong></span> <span class='ocrx_word' id='word_1_53' title='bbox 818 1345 1065 1428; x_wconf 63' lang='lat' dir='ltr'>soph:</span> <span class='ocrx_word' id='word_1_54' title='bbox 1115 1348 1190 1410; x_wconf 92' lang='lat'><strong><em>16</em></strong></span> <span class='ocrx_word' id='word_1_55' title='bbox 1234 1346 1328 1431; x_wconf 89' lang='grc'><strong><em>(7)</em></strong></span> <span class='ocrx_word' id='word_1_56' title='bbox 1375 1342 1623 1412; x_wconf 75' lang='grc' dir='ltr'><strong><em>ὁποίαν</em></strong></span> <span class='ocrx_word' id='word_1_57' title='bbox 1663 1345 1802 1429; x_wconf 78' lang='grc' dir='ltr'><strong><em>ἔχει</em></strong></span> <span class='ocrx_word' id='word_1_58' title='bbox 1845 1346 2078 1433; x_wconf 82' lang='grc' dir='ltr'><strong><em>φύσιν,</em></strong></span> <span class='ocrx_word' id='word_1_59' title='bbox 2125 1343 2251 1428; x_wconf 73' lang='grc' dir='ltr'><strong><em>ἐγώ</em></strong></span> <span class='ocrx_word' id='word_1_60' title='bbox 2295 1344 2565 1431; x_wconf 83' lang='grc' dir='ltr'><em>δηλώσω</em></span> 
     </span>
    </p>

    <p class='ocr_par' dir='ltr' id='par_1_9' title="bbox 536 1445 2203 1538">
     <span class='ocr_line' id='line_1_10' title="bbox 536 1445 2203 1538; baseline -0.001 -19"><span class='ocrx_word' id='word_1_61' title='bbox 536 1456 618 1519; x_wconf 92' lang='grc'><strong><em>28</em></strong></span> <span class='ocrx_word' id='word_1_62' title='bbox 668 1453 804 1537; x_wconf 92' lang='grc'>(14)</span> <span class='ocrx_word' id='word_1_63' title='bbox 851 1447 938 1527; x_wconf 82' lang='grc' dir='ltr'><strong><em>ὡς</em></strong></span> <span class='ocrx_word' id='word_1_64' title='bbox 983 1451 1058 1517; x_wconf 80' lang='grc' dir='ltr'><strong><em>δὲ</em></strong></span> <span class='ocrx_word' id='word_1_65' title='bbox 1100 1445 1517 1538; x_wconf 75' lang='grc' dir='ltr'><strong><em>ἠγνοήκασιν,</em></strong></span> <span class='ocrx_word' id='word_1_66' title='bbox 1568 1507 1579 1520; x_wconf 94' lang='grc'><strong>.</strong></span> <span class='ocrx_word' id='word_1_67' title='bbox 1631 1512 1643 1525; x_wconf 91' lang='grc'><strong>.</strong></span> <span class='ocrx_word' id='word_1_68' title='bbox 1689 1506 1704 1521; x_wconf 93' lang='grc'><strong>.</strong></span> <span class='ocrx_word' id='word_1_69' title='bbox 1752 1450 1878 1533; x_wconf 76' lang='grc' dir='ltr'><strong><em>ἐγώ</em></strong></span> <span class='ocrx_word' id='word_1_70' title='bbox 1928 1451 2203 1538; x_wconf 84' lang='grc' dir='ltr'><em>δηλώσω</em></span> 
     </span>
    </p>

    <p class='ocr_par' dir='ltr' id='par_1_10' title="bbox 537 1558 1828 1645">
     <span class='ocr_line' id='line_1_11' title="bbox 537 1558 1828 1645; baseline -0.001 -20"><span class='ocrx_word' id='word_1_71' title='bbox 537 1563 619 1625; x_wconf 87' lang='grc'><strong><em>36</em></strong></span> <span class='ocrx_word' id='word_1_72' title='bbox 662 1560 755 1645; x_wconf 88' lang='grc'><strong><em>(9)</em></strong></span> <span class='ocrx_word' id='word_1_73' title='bbox 799 1558 1024 1624; x_wconf 89' lang='grc' dir='ltr'><strong><em>πόθεν</em></strong></span> <span class='ocrx_word' id='word_1_74' title='bbox 1064 1559 1341 1643; x_wconf 81' lang='grc' dir='ltr'><strong><em>εἴρηται,</em></strong></span> <span class='ocrx_word' id='word_1_75' title='bbox 1389 1558 1515 1642; x_wconf 69' lang='grc' dir='ltr'><strong><em>ἐγώ</em></strong></span> <span class='ocrx_word' id='word_1_76' title='bbox 1557 1558 1828 1645; x_wconf 82' lang='grc' dir='ltr'><em>δηλώσω</em></span> 
     </span>
    </p>

    <p class='ocr_par' dir='ltr' id='par_1_11' title="bbox 537 1661 1957 1751">
     <span class='ocr_line' id='line_1_12' title="bbox 537 1661 1957 1751; baseline 0.001 -20"><span class='ocrx_word' id='word_1_77' title='bbox 537 1671 615 1731; x_wconf 94' lang='grc'><strong><em>47</em></strong></span> <span class='ocrx_word' id='word_1_78' title='bbox 661 1667 795 1748; x_wconf 89' lang='grc'>(22)</span> <span class='ocrx_word' id='word_1_79' title='bbox 841 1662 1022 1741; x_wconf 78' lang='grc' dir='ltr'><strong><em>ὅπως</em></strong></span> <span class='ocrx_word' id='word_1_80' title='bbox 1064 1661 1240 1747; x_wconf 79' lang='grc' dir='ltr'><strong><em>ἔσχε,</em></strong></span> <span class='ocrx_word' id='word_1_81' title='bbox 1287 1667 1583 1751; x_wconf 83' lang='grc' dir='ltr'><strong><em>δηλῶσαι</em></strong></span> <span class='ocrx_word' id='word_1_82' title='bbox 1624 1665 1957 1751; x_wconf 84' lang='grc' dir='ltr'><strong><em>βούλομαι</em></strong></span> 
     </span>
    </p>

    <p class='ocr_par' dir='ltr' id='par_1_12' title="bbox 545 1770 1694 1859">
     <span class='ocr_line' id='line_1_13' title="bbox 545 1770 1694 1859; baseline 0.002 -22"><span class='ocrx_word' id='word_1_83' title='bbox 545 1775 663 1839; x_wconf 84' lang='grc'><strong><em>113</em></strong></span> <span class='ocrx_word' id='word_1_84' title='bbox 709 1775 844 1857; x_wconf 91' lang='grc'>(17)</span> <span class='ocrx_word' id='word_1_85' title='bbox 892 1772 1110 1859; x_wconf 75' lang='grc' dir='ltr'><strong><em>ἕτερα,</em></strong></span> <span class='ocrx_word' id='word_1_86' title='bbox 1155 1770 1199 1837; x_wconf 77' lang='grc' dir='ltr'><em>ἃ</em></span> <span class='ocrx_word' id='word_1_87' title='bbox 1249 1771 1377 1856; x_wconf 77' lang='grc' dir='ltr'><strong><em>ἐγώ</em></strong></span> <span class='ocrx_word' id='word_1_88' title='bbox 1423 1773 1694 1859; x_wconf 85' lang='grc' dir='ltr'><em>δηλώσω</em></span> 
     </span>
    </p>

    <p class='ocr_par' dir='ltr' id='par_1_13' title="bbox 494 1877 2590 2197">
     <span class='ocr_line' id='line_1_14' title="bbox 542 1877 1986 1974; baseline 0.001 -29"><span class='ocrx_word' id='word_1_89' title='bbox 542 1883 657 1946; x_wconf 93' lang='grc'><strong><em>121</em></strong></span> <span class='ocrx_word' id='word_1_90' title='bbox 702 1880 838 1964; x_wconf 88' lang='grc'>(19)</span> <span class='ocrx_word' id='word_1_91' title='bbox 883 1889 1026 1957; x_wconf 83' lang='grc' dir='ltr'><strong><em>πῶς</em></strong></span> <span class='ocrx_word' id='word_1_92' title='bbox 1066 1885 1331 1974; x_wconf 83' lang='grc' dir='ltr'><strong><em>συνέβη,</em></strong></span> <span class='ocrx_word' id='word_1_93' title='bbox 1377 1881 1669 1966; x_wconf 82' lang='grc' dir='ltr'><strong><em>δηλῶσαι</em></strong></span> <span class='ocrx_word' id='word_1_94' title='bbox 1713 1877 1986 1967; x_wconf 70' lang='grc' dir='ltr'><strong><em>ἀνάγκη.</em></strong></span> 
     </span>
     <span class='ocr_line' id='line_1_15' title="bbox 494 2002 2590 2090; baseline -0 -21"><span class='ocrx_word' id='word_1_95' title='bbox 494 2006 507 2018; x_wconf 80' lang='grc'><strong>“</strong></span> <span class='ocrx_word' id='word_1_96' title='bbox 596 2004 1064 2086; x_wconf 70' lang='lat' dir='ltr'><strong><em>⁴Grymnast.1</em></strong></span> <span class='ocrx_word' id='word_1_97' title='bbox 1120 2007 1242 2069; x_wconf 89' lang='grc'><strong><em>262</em></strong></span> <span class='ocrx_word' id='word_1_98' title='bbox 1287 2007 1422 2087; x_wconf 89' lang='grc'>(19)</span> <span class='ocrx_word' id='word_1_99' title='bbox 1466 2003 1648 2081; x_wconf 79' lang='grc' dir='ltr'><strong><em>ὅπως</em></strong></span> <span class='ocrx_word' id='word_1_100' title='bbox 1692 2007 1950 2090; x_wconf 80' lang='grc' dir='ltr'><strong><em>ξυνέβη,</em></strong></span> <span class='ocrx_word' id='word_1_101' title='bbox 1997 2004 2266 2089; x_wconf 84' lang='grc' dir='ltr'><em>δηλώσω</em></span> <span class='ocrx_word' id='word_1_102' title='bbox 2311 2002 2590 2089; x_wconf 76' lang='grc' dir='ltr'><strong><em>ὕστερον</em></strong></span> 
     </span>
     <span class='ocr_line' id='line_1_16' title="bbox 542 2106 2057 2197; baseline 0.001 -22"><span class='ocrx_word' id='word_1_103' title='bbox 542 2114 664 2177; x_wconf 89' lang='grc'><strong><em>269</em></strong></span> <span class='ocrx_word' id='word_1_104' title='bbox 711 2112 804 2193; x_wconf 89' lang='grc'><strong><em>(2)</em></strong></span> <span class='ocrx_word' id='word_1_105' title='bbox 852 2106 1111 2175; x_wconf 79' lang='grc' dir='ltr'><strong><em>ὁπόσον</em></strong></span> <span class='ocrx_word' id='word_1_106' title='bbox 1151 2115 1567 2196; x_wconf 81' lang='grc' dir='ltr'><strong><em>μετέσχηκεν,</em></strong></span> <span class='ocrx_word' id='word_1_107' title='bbox 1610 2108 1739 2193; x_wconf 76' lang='grc' dir='ltr'><strong><em>ἐγώ</em></strong></span> <span class='ocrx_word' id='word_1_108' title='bbox 1783 2110 2057 2197; x_wconf 85' lang='grc' dir='ltr'><em>δηλώσω</em></span> 
     </span>
    </p>

    <p class='ocr_par' dir='ltr' id='par_1_14' title="bbox 540 2210 1825 2303">
     <span class='ocr_line' id='line_1_17' title="bbox 540 2210 1825 2303; baseline 0 -21"><span class='ocrx_word' id='word_1_109' title='bbox 540 2220 663 2282; x_wconf 90' lang='grc'><strong><em>276</em></strong></span> <span class='ocrx_word' id='word_1_110' title='bbox 707 2216 798 2298; x_wconf 92' lang='grc'><strong><em>(5)</em></strong></span> <span class='ocrx_word' id='word_1_111' title='bbox 850 2213 1134 2293; x_wconf 81' lang='grc' dir='ltr'><strong><em>ὁποίους</em></strong></span> <span class='ocrx_word' id='word_1_112' title='bbox 1177 2211 1437 2302; x_wconf 81' lang='grc' dir='ltr'><strong><em>ἆνήσει,</em></strong></span> <span class='ocrx_word' id='word_1_113' title='bbox 1484 2210 1825 2303; x_wconf 80' lang='grc' dir='ltr'><strong><em>δεδήλωκα</em></strong></span> 
     </span>
    </p>

    <p class='ocr_par' dir='ltr' id='par_1_15' title="bbox 541 2319 2490 2409">
     <span class='ocr_line' id='line_1_18' title="bbox 541 2319 2490 2409; baseline -0.002 -19"><span class='ocrx_word' id='word_1_114' title='bbox 541 2328 661 2390; x_wconf 89' lang='grc'><strong><em>291</em></strong></span> <span class='ocrx_word' id='word_1_115' title='bbox 709 2326 843 2408; x_wconf 90' lang='grc'>(26)</span> <span class='ocrx_word' id='word_1_116' title='bbox 894 2329 1077 2388; x_wconf 83' lang='grc' dir='ltr'><strong><em>τουτὶ</em></strong></span> <span class='ocrx_word' id='word_1_117' title='bbox 1119 2324 1195 2389; x_wconf 80' lang='grc' dir='ltr'><strong><em>δὲ</em></strong></span> <span class='ocrx_word' id='word_1_118' title='bbox 1237 2319 1494 2390; x_wconf 84' lang='grc' dir='ltr'><strong><em>ὃπόσου</em></strong></span> <span class='ocrx_word' id='word_1_119' title='bbox 1538 2320 1756 2403; x_wconf 78' lang='grc' dir='ltr'><strong><em>ἄξιον,</em></strong></span> <span class='ocrx_word' id='word_1_120' title='bbox 1810 2325 1872 2390; x_wconf 82' lang='grc' dir='ltr'><strong><em>οἳ</em></strong></span> <span class='ocrx_word' id='word_1_121' title='bbox 1918 2327 2109 2409; x_wconf 90' lang='grc' dir='ltr'><strong><em>νόμοι</em></strong></span> <span class='ocrx_word' id='word_1_122' title='bbox 2154 2323 2490 2408; x_wconf 87' lang='grc' dir='ltr'><strong><em>δηλοῦσιν.</em></strong></span> 
     </span>
    </p>

    <p class='ocr_par' dir='ltr' id='par_1_16' title="bbox 462 2444 2880 2748">
     <span class='ocr_line' id='line_1_19' title="bbox 625 2444 2873 2532; baseline -0.003 -18"><span class='ocrx_word' id='word_1_123' title='bbox 625 2447 748 2514; x_wconf 85' lang='lat' dir='ltr'><strong><em>Sed</em></strong></span> <span class='ocrx_word' id='word_1_124' title='bbox 810 2447 965 2514; x_wconf 82' lang='lat' dir='ltr'>haec</span> <span class='ocrx_word' id='word_1_125' title='bbox 1026 2455 1217 2530; x_wconf 80' lang='lat' dir='ltr'>atque</span> <span class='ocrx_word' id='word_1_126' title='bbox 1279 2450 1433 2515; x_wconf 79' lang='lat' dir='ltr'>talia</span> <span class='ocrx_word' id='word_1_127' title='bbox 1488 2451 1549 2513; x_wconf 91' lang='lat' dir='ltr'><strong><em>in</em></strong></span> <span class='ocrx_word' id='word_1_128' title='bbox 1621 2451 1925 2532; x_wconf 83' lang='lat' dir='ltr'>„Heroieo</span> <span class='ocrx_word' id='word_1_129' title='bbox 1988 2458 2055 2515; x_wconf 81' lang='lat' dir='ltr'><strong><em>et</em></strong></span> <span class='ocrx_word' id='word_1_130' title='bbox 2108 2450 2171 2513; x_wconf 91' lang='lat' dir='ltr'><strong><em>in</em></strong></span> <span class='ocrx_word' id='word_1_131' title='bbox 2227 2445 2608 2527; x_wconf 84' lang='lat' dir='ltr'>Imaginibus</span> <span class='ocrx_word' id='word_1_132' title='bbox 2652 2444 2873 2527; x_wconf 86' lang='lat' dir='ltr'>prior.“</span> 
     </span>
     <span class='ocr_line' id='line_1_20' title="bbox 462 2553 2880 2639; baseline -0.003 -17"><span class='ocrx_word' id='word_1_133' title='bbox 462 2557 636 2622; x_wconf 90' lang='lat' dir='ltr'>nullo</span> <span class='ocrx_word' id='word_1_134' title='bbox 700 2555 946 2621; x_wconf 86' lang='lat' dir='ltr'>obviam</span> <span class='ocrx_word' id='word_1_135' title='bbox 1010 2554 1171 2620; x_wconf 83' lang='lat' dir='ltr'><strong>fiunt.</strong></span> <span class='ocrx_word' id='word_1_136' title='bbox 1240 2557 1404 2638; x_wconf 76' lang='lat'>10003</span> <span class='ocrx_word' id='word_1_137' title='bbox 1478 2566 1827 2639; x_wconf 81' lang='lat' dir='ltr'>exponatur</span> <span class='ocrx_word' id='word_1_138' title='bbox 1883 2559 2035 2639; x_wconf 87' lang='lat' dir='ltr'>jam,</span> <span class='ocrx_word' id='word_1_139' title='bbox 2108 2555 2332 2639; x_wconf 86' lang='lat' dir='ltr'>quibus</span> <span class='ocrx_word' id='word_1_140' title='bbox 2395 2553 2603 2619; x_wconf 83' lang='lat' dir='ltr'><strong>verbis</strong></span> <span class='ocrx_word' id='word_1_141' title='bbox 2668 2555 2880 2616; x_wconf 81' lang='lat' dir='ltr'>auctor</span> 
     </span>
     <span class='ocr_line' id='line_1_21' title="bbox 463 2663 2421 2748; baseline -0.002 -20"><span class='ocrx_word' id='word_1_142' title='bbox 463 2663 782 2743; x_wconf 85' lang='lat' dir='ltr'>librorum,</span> <span class='ocrx_word' id='word_1_143' title='bbox 826 2681 979 2744; x_wconf 79' lang='lat' dir='ltr'><strong>quos</strong></span> <span class='ocrx_word' id='word_1_144' title='bbox 1022 2664 1215 2748; x_wconf 35' lang='lat' dir='ltr'><strong>modo·</strong></span> <span class='ocrx_word' id='word_1_145' title='bbox 1249 2666 1747 2745; x_wconf 81' lang='lat' dir='ltr'>commemoravi,</span> <span class='ocrx_word' id='word_1_146' title='bbox 1803 2672 2023 2731; x_wconf 83' lang='lat' dir='ltr'>utatur</span> <span class='ocrx_word' id='word_1_147' title='bbox 2065 2664 2185 2728; x_wconf 84' lang='lat' dir='ltr'><strong><em>hac</em></strong></span> <span class='ocrx_word' id='word_1_148' title='bbox 2226 2665 2288 2728; x_wconf 90' lang='lat' dir='ltr'><strong><em>in</em></strong></span> <span class='ocrx_word' id='word_1_149' title='bbox 2331 2681 2421 2726; x_wconf 84' lang='lat' dir='ltr'><strong><em>re.</em></strong></span> 
     </span>
    </p>

    <p class='ocr_par' dir='ltr' id='par_1_17' title="bbox 632 2787 1934 2870">
     <span class='ocr_line' id='line_1_22' title="bbox 632 2787 1934 2870; baseline 0.002 -19"><span class='ocrx_word' id='word_1_150' title='bbox 632 2790 838 2867; x_wconf 78' lang='lat' dir='ltr'><strong>Atque</strong></span> <span class='ocrx_word' id='word_1_151' title='bbox 880 2787 1274 2854; x_wconf 77' lang='lat' dir='ltr'><strong>Heroicus</strong></span> <span class='ocrx_word' id='word_1_152' title='bbox 1319 2789 1572 2870; x_wconf 82' lang='lat' dir='ltr'>quidem</span> <span class='ocrx_word' id='word_1_153' title='bbox 1617 2790 1934 2856; x_wconf 71' lang='lat' dir='ltr'>exhibetz&#39;</span> 
     </span>
    </p>

    <p class='ocr_par' dir='ltr' id='par_1_18' title="bbox 553 2907 2272 2999">
     <span class='ocr_line' id='line_1_23' title="bbox 553 2907 2272 2999; baseline 0.001 -25"><span class='ocrx_word' id='word_1_154' title='bbox 553 2913 670 2976; x_wconf 91' lang='lat'><strong><em>142</em></strong></span> <span class='ocrx_word' id='word_1_155' title='bbox 713 2913 846 2992; x_wconf 84' lang='lat'><strong><em>(11)</em></strong></span> <span class='ocrx_word' id='word_1_156' title='bbox 890 2907 1223 2977; x_wconf 75' lang='grc' dir='ltr'><strong><em>ὥπλισται</em></strong></span> <span class='ocrx_word' id='word_1_157' title='bbox 1267 2914 1343 2978; x_wconf 80' lang='grc' dir='ltr'><strong><em>δὲ</em></strong></span> <span class='ocrx_word' id='word_1_158' title='bbox 1383 2911 1422 2999; x_wconf 79' lang='grc' dir='ltr'><em>η</em></span> <span class='ocrx_word' id='word_1_159' title='bbox 1471 2921 1539 2979; x_wconf 88' lang='grc' dir='ltr'><strong><em>τί</em></strong></span> <span class='ocrx_word' id='word_1_160' title='bbox 1548 2943 1569 2994; x_wconf 84' lang='lat'><strong><em>,-</em></strong></span> <span class='ocrx_word' id='word_1_161' title='bbox 1614 2913 1945 2998; x_wconf 82' lang='grc' dir='ltr'><strong><em>Χλαμύδα</em></strong></span> <span class='ocrx_word' id='word_1_162' title='bbox 1988 2908 2272 2997; x_wconf 73' lang='grc' dir='ltr'><strong><em>ἐνῆπται</em></strong></span> 
     </span>
    </p>

    <p class='ocr_par' dir='ltr' id='par_1_19' title="bbox 463 3009 2887 3208">
     <span class='ocr_line' id='line_1_24' title="bbox 554 3009 2887 3105; baseline -0.003 -23"><span class='ocrx_word' id='word_1_163' title='bbox 554 3023 673 3083; x_wconf 89' lang='grc'><strong><em>145</em></strong></span> <span class='ocrx_word' id='word_1_164' title='bbox 732 3018 866 3099; x_wconf 86' lang='grc'>(32)</span> <span class='ocrx_word' id='word_1_165' title='bbox 937 3022 1050 3081; x_wconf 82' lang='grc' dir='ltr'><strong><em>καὶ</em></strong></span> <span class='ocrx_word' id='word_1_166' title='bbox 1115 3014 1344 3083; x_wconf 80' lang='grc' dir='ltr'><strong><em>ὁπόσα</em></strong></span> <span class='ocrx_word' id='word_1_167' title='bbox 1391 3069 1405 3084; x_wconf 92' lang='grc'><strong>.</strong></span> <span class='ocrx_word' id='word_1_168' title='bbox 1453 3068 1467 3084; x_wconf 92' lang='grc'><strong><em>.</em></strong></span> <span class='ocrx_word' id='word_1_169' title='bbox 1514 3067 1529 3082; x_wconf 94' lang='grc'><strong>.</strong></span> <span class='ocrx_word' id='word_1_170' title='bbox 1575 3020 2141 3105; x_wconf 85' lang='grc' dir='ltr'><strong><em>παραλέλειπται,</em></strong></span> <span class='ocrx_word' id='word_1_171' title='bbox 2217 3015 2429 3099; x_wconf 87' lang='grc' dir='ltr'><strong><em>δίειμί</em></strong></span> <span class='ocrx_word' id='word_1_172' title='bbox 2487 3035 2598 3078; x_wconf 91' lang='grc' dir='ltr'><strong><em>σοι</em></strong></span> <span class='ocrx_word' id='word_1_173' title='bbox 2660 3009 2887 3096; x_wconf 85' lang='grc' dir='ltr'><strong><em>μικρὸν</em></strong></span> 
     </span>
     <span class='ocr_line' id='line_1_25' title="bbox 463 3123 749 3208; baseline 0 -19"><span class='ocrx_word' id='word_1_174' title='bbox 463 3123 749 3208; x_wconf 75' lang='grc' dir='ltr'><strong><em>ὕστερον</em></strong></span> 
     </span>
    </p>

    <p class='ocr_par' dir='ltr' id='par_1_20' title="bbox 556 3225 2886 3316">
     <span class='ocr_line' id='line_1_26' title="bbox 556 3225 2886 3316; baseline -0.002 -22"><span class='ocrx_word' id='word_1_175' title='bbox 556 3234 672 3296; x_wconf 91' lang='grc'><strong><em>146</em></strong></span> <span class='ocrx_word' id='word_1_176' title='bbox 715 3234 808 3316; x_wconf 91' lang='grc'><strong><em>(2)</em></strong></span> <span class='ocrx_word' id='word_1_177' title='bbox 850 3238 963 3298; x_wconf 79' lang='grc' dir='ltr'><strong><em>καὶ</em></strong></span> <span class='ocrx_word' id='word_1_178' title='bbox 1004 3232 1119 3297; x_wconf 83' lang='grc' dir='ltr'><strong><em>τόν</em></strong></span> <span class='ocrx_word' id='word_1_179' title='bbox 1159 3233 1356 3315; x_wconf 91' lang='grc' dir='ltr'><strong><em>λόγον</em></strong></span> <span class='ocrx_word' id='word_1_180' title='bbox 1399 3234 1475 3298; x_wconf 79' lang='grc' dir='ltr'><strong><em>δὲ</em></strong></span> <span class='ocrx_word' id='word_1_181' title='bbox 1517 3232 1632 3299; x_wconf 82' lang='grc' dir='ltr'><strong><em>τὸν</em></strong></span> <span class='ocrx_word' id='word_1_182' title='bbox 1673 3233 1951 3299; x_wconf 82' lang='grc' dir='ltr'><strong><em>Μύσιον</em></strong></span> <span class='ocrx_word' id='word_1_183' title='bbox 1998 3280 2012 3297; x_wconf 94' lang='grc'><strong>.</strong></span> <span class='ocrx_word' id='word_1_184' title='bbox 2041 3282 2055 3296; x_wconf 91' lang='grc'><strong>.</strong></span> <span class='ocrx_word' id='word_1_185' title='bbox 2084 3282 2098 3296; x_wconf 91' lang='grc'><strong>.</strong></span> <span class='ocrx_word' id='word_1_186' title='bbox 2145 3227 2387 3297; x_wconf 72' lang='grc' dir='ltr'><strong><em>αὐτίκα</em></strong></span> <span class='ocrx_word' id='word_1_187' title='bbox 2426 3225 2886 3309; x_wconf 70' lang='grc' dir='ltr'><strong><em>ἀποτελοῦμεν</em></strong></span> 
     </span>
    </p>

    <p class='ocr_par' dir='ltr' id='par_1_21' title="bbox 468 3331 2884 3531">
     <span class='ocr_line' id='line_1_27' title="bbox 553 3331 2884 3427; baseline -0.003 -24"><span class='ocrx_word' id='word_1_188' title='bbox 553 3343 674 3405; x_wconf 89' lang='grc'><strong><em>155</em></strong></span> <span class='ocrx_word' id='word_1_189' title='bbox 716 3340 809 3423; x_wconf 92' lang='grc'><strong><em>(1)</em></strong></span> <span class='ocrx_word' id='word_1_190' title='bbox 854 3345 966 3404; x_wconf 82' lang='grc' dir='ltr'><strong><em>καὶ</em></strong></span> <span class='ocrx_word' id='word_1_191' title='bbox 1008 3334 1138 3404; x_wconf 74' lang='grc' dir='ltr'><strong><em>ὅσα</em></strong></span> <span class='ocrx_word' id='word_1_192' title='bbox 1186 3388 1199 3404; x_wconf 92' lang='grc'><strong>.</strong></span> <span class='ocrx_word' id='word_1_193' title='bbox 1251 3389 1265 3403; x_wconf 91' lang='grc'><strong>.</strong></span> <span class='ocrx_word' id='word_1_194' title='bbox 1314 3388 1328 3403; x_wconf 94' lang='grc'><strong>.</strong></span> <span class='ocrx_word' id='word_1_195' title='bbox 1377 3389 1391 3403; x_wconf 94' lang='grc'><strong>.</strong></span> <span class='ocrx_word' id='word_1_196' title='bbox 1436 3341 1700 3420; x_wconf 82' lang='grc' dir='ltr'><strong><em>λέγεται</em></strong></span> <span class='ocrx_word' id='word_1_197' title='bbox 1743 3338 2098 3427; x_wconf 89' lang='grc' dir='ltr'><strong><em>πράττειν,</em></strong></span> <span class='ocrx_word' id='word_1_198' title='bbox 2166 3334 2297 3419; x_wconf 80' lang='grc' dir='ltr'><strong><em>ἐγώ</em></strong></span> <span class='ocrx_word' id='word_1_199' title='bbox 2356 3357 2466 3402; x_wconf 90' lang='grc' dir='ltr'><strong><em>σοι</em></strong></span> <span class='ocrx_word' id='word_1_200' title='bbox 2522 3331 2884 3414; x_wconf 71' lang='grc' dir='ltr'><strong><em>ἀπαγγελῶ</em></strong></span> 
     </span>
     <span class='ocr_line' id='line_1_28' title="bbox 468 3443 747 3531; baseline -0.004 -19"><span class='ocrx_word' id='word_1_201' title='bbox 468 3443 747 3531; x_wconf 69' lang='grc' dir='ltr'><strong><em>ὕστερον</em></strong></span> 
     </span>
    </p>

    <p class='ocr_par' dir='ltr' id='par_1_22' title="bbox 471 3542 2888 3746">
     <span class='ocr_line' id='line_1_29' title="bbox 555 3542 2888 3637; baseline -0.003 -21"><span class='ocrx_word' id='word_1_202' title='bbox 555 3554 675 3616; x_wconf 90' lang='grc'><strong><em>164</em></strong></span> <span class='ocrx_word' id='word_1_203' title='bbox 719 3553 854 3637; x_wconf 90' lang='grc'>(29)</span> <span class='ocrx_word' id='word_1_204' title='bbox 894 3558 1005 3618; x_wconf 85' lang='grc' dir='ltr'><strong><em>καὶ</em></strong></span> <span class='ocrx_word' id='word_1_205' title='bbox 1050 3547 1441 3618; x_wconf 68' lang='grc' dir='ltr'><strong><em>ἀποκείσθω</em></strong></span> <span class='ocrx_word' id='word_1_206' title='bbox 1484 3577 1601 3636; x_wconf 89' lang='grc' dir='ltr'><strong><em>μοι</em></strong></span> <span class='ocrx_word' id='word_1_207' title='bbox 1647 3548 1681 3618; x_wconf 80' lang='grc' dir='ltr'><em>ὃ</em></span> <span class='ocrx_word' id='word_1_208' title='bbox 1725 3551 1915 3633; x_wconf 87' lang='grc' dir='ltr'><strong><em>λόγος</em></strong></span> <span class='ocrx_word' id='word_1_209' title='bbox 1962 3546 2154 3628; x_wconf 86' lang='grc' dir='ltr'><strong><em>οὗτος</em></strong></span> <span class='ocrx_word' id='word_1_210' title='bbox 2195 3547 2265 3627; x_wconf 84' lang='grc' dir='ltr'><strong><em>ές</em></strong></span> <span class='ocrx_word' id='word_1_211' title='bbox 2295 3548 2377 3615; x_wconf 78' lang='grc' dir='ltr'><strong><em>τά</em></strong></span> <span class='ocrx_word' id='word_1_212' title='bbox 2410 3556 2527 3615; x_wconf 86' lang='grc' dir='ltr'><strong><em>τοῦ</em></strong></span> <span class='ocrx_word' id='word_1_213' title='bbox 2548 3542 2888 3629; x_wconf 74' lang='grc' dir='ltr'><strong><em>Ἀχιλλέως</em></strong></span> 
     </span>
     <span class='ocr_line' id='line_1_30' title="bbox 471 3655 1858 3746; baseline -0.002 -21"><span class='ocrx_word' id='word_1_214' title='bbox 471 3658 632 3746; x_wconf 77' lang='grc' dir='ltr'><strong><em>ἔργα</em></strong></span> <span class='ocrx_word' id='word_1_215' title='bbox 659 3679 674 3693; x_wconf 90' lang='grc'><em>·</em></span> <span class='ocrx_word' id='word_1_216' title='bbox 703 3659 910 3742; x_wconf 88' lang='grc' dir='ltr'><strong><em>δίειμι</em></strong></span> <span class='ocrx_word' id='word_1_217' title='bbox 953 3658 1079 3745; x_wconf 82' lang='grc' dir='ltr'><strong><em>γάρ</em></strong></span> <span class='ocrx_word' id='word_1_218' title='bbox 1127 3708 1384 3726; x_wconf 91' lang='grc'><strong>.....</strong></span> <span class='ocrx_word' id='word_1_219' title='bbox 1434 3657 1564 3724; x_wconf 80' lang='grc' dir='ltr'><strong><em>ὅσα</em></strong></span> <span class='ocrx_word' id='word_1_220' title='bbox 1606 3655 1858 3744; x_wconf 79' lang='grc' dir='ltr'><strong><em>ἤκουσα</em></strong></span> 
     </span>
    </p>

    <p class='ocr_par' dir='ltr' id='par_1_23' title="bbox 554 3762 2127 3850">
     <span class='ocr_line' id='line_1_31' title="bbox 554 3762 2127 3850; baseline 0 -20"><span class='ocrx_word' id='word_1_221' title='bbox 554 3768 672 3830; x_wconf 91' lang='grc'><strong><em>167</em></strong></span> <span class='ocrx_word' id='word_1_222' title='bbox 717 3765 852 3850; x_wconf 88' lang='grc'>(17)</span> <span class='ocrx_word' id='word_1_223' title='bbox 895 3762 1168 3831; x_wconf 77' lang='grc' dir='ltr'><strong><em>κᾶκεῖνά</em></strong></span> <span class='ocrx_word' id='word_1_224' title='bbox 1216 3790 1330 3849; x_wconf 89' lang='grc' dir='ltr'><strong><em>μοι</em></strong></span> <span class='ocrx_word' id='word_1_225' title='bbox 1364 3762 1741 3848; x_wconf 71' lang='grc' dir='ltr'><strong><em>Ἀντιλόχου</em></strong></span> <span class='ocrx_word' id='word_1_226' title='bbox 1779 3764 2127 3850; x_wconf 79' lang='grc' dir='ltr'><strong><em>ἑρμηνεύει</em></strong></span> 
     </span>
    </p>

    <p class='ocr_par' dir='ltr' id='par_1_24' title="bbox 556 3866 2378 3957">
     <span class='ocr_line' id='line_1_32' title="bbox 556 3866 2378 3957; baseline -0.001 -20"><span class='ocrx_word' id='word_1_227' title='bbox 556 3876 675 3939; x_wconf 91' lang='grc'><strong><em>176</em></strong></span> <span class='ocrx_word' id='word_1_228' title='bbox 716 3873 850 3956; x_wconf 89' lang='grc'>(24)</span> <span class='ocrx_word' id='word_1_229' title='bbox 892 3879 1005 3938; x_wconf 79' lang='grc' dir='ltr'><strong><em>καὶ</em></strong></span> <span class='ocrx_word' id='word_1_230' title='bbox 1046 3878 1128 3937; x_wconf 75' lang='grc' dir='ltr'><strong><em>τά</em></strong></span> <span class='ocrx_word' id='word_1_231' title='bbox 1176 3922 1190 3937; x_wconf 94' lang='grc'><strong>.</strong></span> <span class='ocrx_word' id='word_1_232' title='bbox 1241 3923 1255 3937; x_wconf 91' lang='grc'><strong>.</strong></span> <span class='ocrx_word' id='word_1_233' title='bbox 1300 3872 1751 3957; x_wconf 80' lang='grc' dir='ltr'><strong><em>Παλαμήδους</em></strong></span> <span class='ocrx_word' id='word_1_234' title='bbox 1792 3867 1928 3938; x_wconf 81' lang='grc' dir='ltr'><strong><em>ώδε</em></strong></span> <span class='ocrx_word' id='word_1_235' title='bbox 1970 3866 2378 3953; x_wconf 70' lang='grc' dir='ltr'><strong><em>ἀπαγγέλλει</em></strong></span> 
     </span>
    </p>

    <p class='ocr_par' dir='ltr' id='par_1_25' title="bbox 554 3973 1826 4063">
     <span class='ocr_line' id='line_1_33' title="bbox 554 3973 1826 4063; baseline -0.001 -19"><span class='ocrx_word' id='word_1_236' title='bbox 554 3982 668 4044; x_wconf 89' lang='grc'><strong><em>181</em></strong></span> <span class='ocrx_word' id='word_1_237' title='bbox 721 3981 855 4061; x_wconf 94' lang='grc'>(17)</span> <span class='ocrx_word' id='word_1_238' title='bbox 901 3973 1031 4045; x_wconf 80' lang='grc' dir='ltr'><strong><em>ὧδε</em></strong></span> <span class='ocrx_word' id='word_1_239' title='bbox 1073 3978 1156 4044; x_wconf 79' lang='grc' dir='ltr'><strong><em>τά</em></strong></span> <span class='ocrx_word' id='word_1_240' title='bbox 1204 3985 1360 4063; x_wconf 85' lang='grc' dir='ltr'><strong><em>περὶ</em></strong></span> <span class='ocrx_word' id='word_1_241' title='bbox 1403 3975 1609 4063; x_wconf 75' lang='grc' dir='ltr'><strong><em>αὐτὴν</em></strong></span> <span class='ocrx_word' id='word_1_242' title='bbox 1653 3978 1826 4061; x_wconf 79' lang='grc' dir='ltr'><strong><em>εἶχεν</em></strong></span> 
     </span>
    </p>

    <p class='ocr_par' dir='ltr' id='par_1_26' title="bbox 556 4081 2084 4172">
     <span class='ocr_line' id='line_1_34' title="bbox 556 4081 2084 4172; baseline -0.002 -20"><span class='ocrx_word' id='word_1_243' title='bbox 556 4089 677 4152; x_wconf 90' lang='grc'><strong><em>184</em></strong></span> <span class='ocrx_word' id='word_1_244' title='bbox 724 4085 859 4169; x_wconf 90' lang='grc'>(28)</span> <span class='ocrx_word' id='word_1_245' title='bbox 905 4086 988 4149; x_wconf 81' lang='grc' dir='ltr'><strong><em>τοὶ</em></strong></span> <span class='ocrx_word' id='word_1_246' title='bbox 1035 4086 1110 4151; x_wconf 81' lang='grc' dir='ltr'><strong><em>δὲ</em></strong></span> <span class='ocrx_word' id='word_1_247' title='bbox 1143 4082 1513 4162; x_wconf 80' lang='grc' dir='ltr'><strong><em>Ὀδυσσέως</em></strong></span> <span class='ocrx_word' id='word_1_248' title='bbox 1558 4081 1802 4151; x_wconf 73' lang='grc' dir='ltr'><strong><em>οὓτωσὶ</em></strong></span> <span class='ocrx_word' id='word_1_249' title='bbox 1846 4084 2084 4172; x_wconf 82' lang='grc' dir='ltr'><strong><em>φράζει</em></strong></span> 
     </span>
    </p>

    <p class='ocr_par' dir='ltr' id='par_1_27' title="bbox 556 4187 2025 4278">
     <span class='ocr_line' id='line_1_35' title="bbox 556 4187 2025 4278; baseline -0.001 -20"><span class='ocrx_word' id='word_1_250' title='bbox 556 4196 671 4258; x_wconf 92' lang='grc'><strong><em>191</em></strong></span> <span class='ocrx_word' id='word_1_251' title='bbox 719 4191 854 4275; x_wconf 92' lang='grc'>(19)</span> <span class='ocrx_word' id='word_1_252' title='bbox 905 4190 1105 4258; x_wconf 82' lang='grc' dir='ltr'><strong><em>ἄκουε</em></strong></span> <span class='ocrx_word' id='word_1_253' title='bbox 1147 4199 1260 4257; x_wconf 83' lang='grc' dir='ltr'><strong><em>καὶ</em></strong></span> <span class='ocrx_word' id='word_1_254' title='bbox 1303 4192 1386 4258; x_wconf 80' lang='grc' dir='ltr'><strong><em>τά</em></strong></span> <span class='ocrx_word' id='word_1_255' title='bbox 1430 4192 1550 4257; x_wconf 81' lang='grc' dir='ltr'><strong><em>τοῦ</em></strong></span> <span class='ocrx_word' id='word_1_256' title='bbox 1584 4187 2025 4278; x_wconf 73' lang='grc' dir='ltr'><strong><em>Ἀλεξάνδρου</em></strong></span> 
     </span>
    </p>

    <p class='ocr_par' dir='ltr' id='par_1_28' title="bbox 555 4298 2025 4384">
     <span class='ocr_line' id='line_1_36' title="bbox 555 4298 2025 4384; baseline -0.001 -20"><span class='ocrx_word' id='word_1_257' title='bbox 555 4302 674 4365; x_wconf 87' lang='grc'><strong><em>193</em></strong></span> <span class='ocrx_word' id='word_1_258' title='bbox 722 4300 816 4382; x_wconf 93' lang='grc'><strong><em>(4)</em></strong></span> <span class='ocrx_word' id='word_1_259' title='bbox 857 4307 1067 4365; x_wconf 85' lang='grc' dir='ltr'><strong><em>ταῦτα</em></strong></span> <span class='ocrx_word' id='word_1_260' title='bbox 1114 4305 1273 4384; x_wconf 83' lang='grc' dir='ltr'><strong><em>περὶ</em></strong></span> <span class='ocrx_word' id='word_1_261' title='bbox 1314 4306 1446 4364; x_wconf 77' lang='grc' dir='ltr'><strong><em>τῶν</em></strong></span> <span class='ocrx_word' id='word_1_262' title='bbox 1491 4299 1736 4382; x_wconf 88' lang='grc' dir='ltr'><strong><em>Τρώων</em></strong></span> <span class='ocrx_word' id='word_1_263' title='bbox 1779 4298 2025 4364; x_wconf 85' lang='grc' dir='ltr'><strong><em>δίεισιν</em></strong></span> 
     </span>
    </p>

    <p class='ocr_par' dir='ltr' id='par_1_29' title="bbox 554 4395 2886 4492">
     <span class='ocr_line' id='line_1_37' title="bbox 554 4395 2886 4492; baseline -0.005 -21"><span class='ocrx_word' id='word_1_264' title='bbox 554 4409 673 4473; x_wconf 86' lang='grc'><strong><em>193</em></strong></span> <span class='ocrx_word' id='word_1_265' title='bbox 717 4407 811 4488; x_wconf 88' lang='grc'><strong><em>(5)</em></strong></span> <span class='ocrx_word' id='word_1_266' title='bbox 855 4404 1096 4472; x_wconf 81' lang='grc' dir='ltr'><strong><em>λοιπόν</em></strong></span> <span class='ocrx_word' id='word_1_267' title='bbox 1139 4406 1197 4471; x_wconf 84' lang='grc' dir='ltr'><strong><em>δ’</em></strong></span> <span class='ocrx_word' id='word_1_268' title='bbox 1244 4403 1398 4492; x_wconf 78' lang='grc' dir='ltr'><strong><em>ἣμῒν</em></strong></span> <span class='ocrx_word' id='word_1_269' title='bbox 1441 4455 1456 4469; x_wconf 91' lang='grc'><strong>.</strong></span> <span class='ocrx_word' id='word_1_270' title='bbox 1481 4456 1534 4474; x_wconf 91' lang='grc'><strong><em>..</em></strong></span> <span class='ocrx_word' id='word_1_271' title='bbox 1580 4405 1695 4471; x_wconf 87' lang='grc' dir='ltr'><strong><em>τὸν</em></strong></span> <span class='ocrx_word' id='word_1_272' title='bbox 1738 4414 1857 4471; x_wconf 83' lang='grc' dir='ltr'><strong><em>τοῦ</em></strong></span> <span class='ocrx_word' id='word_1_273' title='bbox 1878 4401 2224 4488; x_wconf 87' lang='grc' dir='ltr'><strong><em>Ἀχιλλέως</em></strong></span> <span class='ocrx_word' id='word_1_274' title='bbox 2256 4397 2669 4467; x_wconf 74' lang='grc' dir='ltr'><strong><em>ἀποτελέσαι</em></strong></span> <span class='ocrx_word' id='word_1_275' title='bbox 2697 4395 2886 4478; x_wconf 87' lang='grc' dir='ltr'><strong><em>λόγον</em></strong></span> 
     </span>
    </p>

    <p class='ocr_par' dir='ltr' id='par_1_30' title="bbox 552 4506 2278 4602">
     <span class='ocr_line' id='line_1_38' title="bbox 552 4506 2278 4602; baseline -0.004 -21"><span class='ocrx_word' id='word_1_276' title='bbox 552 4517 672 4581; x_wconf 92' lang='grc'><strong><em>197</em></strong></span> <span class='ocrx_word' id='word_1_277' title='bbox 719 4515 854 4597; x_wconf 92' lang='grc'>(27)</span> <span class='ocrx_word' id='word_1_278' title='bbox 896 4511 1148 4602; x_wconf 76' lang='grc' dir='ltr'><strong><em>ἤκουσα</em></strong></span> <span class='ocrx_word' id='word_1_279' title='bbox 1195 4514 1271 4580; x_wconf 82' lang='grc' dir='ltr'><strong><em>δὲ</em></strong></span> <span class='ocrx_word' id='word_1_280' title='bbox 1311 4510 1609 4593; x_wconf 70' lang='grc' dir='ltr'><strong><em>κάκεῖνα,</em></strong></span> <span class='ocrx_word' id='word_1_281' title='bbox 1659 4513 1862 4581; x_wconf 84' lang='grc' dir='ltr'><strong><em>θύειν</em></strong></span> <span class='ocrx_word' id='word_1_282' title='bbox 1904 4515 2026 4599; x_wconf 81' lang='grc' dir='ltr'><strong><em>μὲν</em></strong></span> <span class='ocrx_word' id='word_1_283' title='bbox 2070 4506 2278 4577; x_wconf 71' lang='grc' dir='ltr'><strong><em>αὐτόν</em></strong></span> 
     </span>
    </p>
   </div>
   <div class='ocr_carea' id='block_1_3' title="bbox 3070 0 3074 5024">
    <p class='ocr_par' dir='ltr' id='par_1_31' title="bbox 3070 0 3074 5024">
     <span class='ocr_line' id='line_1_39' title="bbox 3070 0 3074 5024; baseline 0 0"><span class='ocrx_word' id='word_1_284' title='bbox 3070 0 3074 5024; x_wconf 95' lang='lat' dir='ltr'><strong><em> </em></strong></span> 
     </span>
    </p>
   </div>
  </div>
 </body>
</html>
