3109 5142
1434 385 1849 451 ...34-

606 558 767 639 Quid
811 560 1053 627 multa?
1116 562 1194 629 ad
1249 564 1497 647 reliqua
1551 585 1887 649 pergamus
1934 569 2192 652 jamque
2253 589 2455 652 pauca
2496 591 2878 641 commemo-

441 686 671 748 remus,
715 686 876 750 quae
916 671 1225 751 praebent

723 777 1298 859 Gymnasticus
1606 786 1673 846 et

523 885 641 948 261
688 886 781 967 (9)
846 880 925 960 ἐς
966 883 1221 961 ὲκείνας
1264 882 1602 952 ἀποκεί-

443 996 618 1055 σθω
673 996 883 1076 σοφία

522 1206 644 1269 269
687 1207 818 1281 (19)
862 1203 1327 1290 νοσήματα,
1375 1201 1602 1270 ὁπόσα

572 1360 586 1374 .
672 1305 1011 1396 ὕδέρο-υς
1104 1316 1243 1375 καὶ
1328 1310 1604 1396 φθόας

441 1413 851 1501 ὀνομάζομεν

522 1634 644 1698 273
687 1630 822 1713 (15)
894 1624 1048 1696 ἐπεὶ
1120 1629 1196 1695 δὲ
1263 1626 1606 1718 ἐπιρρεῖ
1690 1614 1694 1618 ,

440 1748 596 1805 τῶν
634 1735 1041 1804 τοιούτων
1082 1731 1323 1819 ὄχλος

520 1952 644 2015 276
666 1950 802 2030 (31)
831 1954 945 2015 καὶ
973 1944 1228 2035 αὗχὴν
1256 1946 1596 2036 ἀνεστη-

438 2058 541 2122 κώ
564 2082 594 2133 ς
652 2057 728 2122 cf.
771 2060 893 2122 277
936 2057 1092 2137 (14),
1133 2059 1256 2121 279
1297 2058 1431 2141 (24)

517 2272 639 2335 284
685 2271 817 2352 (13)
862 2268 1183 2356 ἔρρωνται
1235 2277 1333 2358 τῷ
1378 2267 1592 2336 ἑτοί-

437 2402 550 2466 μῳ
594 2385 727 2462 τῆς
768 2373 1089 2461 γνώμης
1130 2374 1206 2440 cf.
1251 2377 1373 2440 283
1418 2374 1512 2459 (5)

513 2674 637 2736 284
702 2668 839 2753 (26)
937 2669 1000 2734 οἳ
1085 2668 1161 2734 δὲ
1242 2668 1596 2755 ταύρους

435 2773 1147 2858 ἅπαυχενίζοντες

517 2968 640 3031 286
683 2966 776 3046 (4)
838 2960 993 3048 ἦρξε
1050 2984 1064 3028 ;
1109 3013 1123 3027 .
1174 3012 1188 3027 .
1236 3011 1249 3027 .
1306 2968 1420 3027 καὶ
1476 2972 1593 3029 τοῦ

437 3073 746 3137 πωλεῖν
825 3094 908 3135 τε
974 3075 1108 3134 καὶ
1181 3063 1593 3134 ὦνεῖσθαι

432 3179 553 3242 287
587 3177 680 3258 (3)
725 3182 842 3241 τοῦ
873 3174 950 3240 δὲ
991 3176 1303 3240 πωλεῖν
1347 3199 1424 3240 τε
1461 3179 1594 3239 καὶ

438 3277 850 3346 ὠνεῖσθαι

516 3470 641 3534 286
682 3471 814 3551 (26)
857 3471 1202 3557 λαμπρᾷ
1248 3478 1334 3560 τῇ
1379 3477 1593 3559 φωνῇ

597 3651 1018 3732 Insequantur
1060 3650 1329 3732 denique

666 3774 669 3779 ·
727 3756 1278 3838 Gymnasticus

515 3868 634 3928 261
691 3863 786 3948 (9)
890 3860 969 3940 ἐς
1051 3859 1308 3940 ἐκείνας
1391 3858 1589 3929 ἄπο-

430 3977 738 4036 κείσθω
782 3976 991 4055 σοφία

516 4138 639 4200 262
681 4135 774 4220 (9)
818 4136 901 4203 τό
944 4132 1025 4212 ἒς
1069 4136 1312 4220 δένδρα
1357 4130 1547 4223 ἧκον

508 4408 632 4473 266
662 4408 799 4492 (23)
837 4404 911 4478 ἕν
938 4412 1162 4498 κοίλῃ
1198 4405 1583 4498 Ἀρκαδίᾳ

1617 3761 1684 3820 et

2065 783 2481 850 Hernicus:

1789 890 1909 952 164
1952 889 2087 969 (29)
2171 883 2671 956 ἀποκείσθω
2720 943 2734 958 .
2783 945 2795 957 .
2855 943 2870 958 .

1706 988 1972 1075 ὃλόγος
2013 990 2092 1070 ἐς
2136 993 2229 1058 τοὶ
2277 1045 2291 1059 .
2337 1045 2351 1060 .
2401 1045 2415 1060 .

1788 1210 1906 1271 148
1950 1207 2043 1288 (1)
2131 1205 2277 1283 τοὶς
2364 1207 2642 1294 φθόας
2724 1217 2872 1276 καὶ

1701 1309 1852 1387 τοὺς
1894 1308 2258 1399 ὑδέρους,
2298 1320 2412 1380 καὶ
2465 1318 2584 1392 τοὶς
2630 1366 2818 1383 .....
2849 1367 2866 1382 .

1565 1459 1568 1462 «
1702 1415 2008 1494 νόσους

1786 1633 1903 1695 148
1949 1631 2085 1715 (23)
2212 1630 2422 1709 πολὺς
2526 1629 2874 1720 ἐπιρρεῖ

1699 1745 1852 1801 τῶν
1893 1735 2309 1804 τοιούτων
2354 1734 2586 1821 ὄχλος

1777 1951 1901 2017 200
1945 1951 2080 2030 (23)
2146 1946 2401 2036 αὐχὴν
2471 1900 2672 2035 ὄρθι’)’ς
2747 1958 2868 2018 καὶ

1698 2077 2169 2140 ανεστηκως

1780 2271 1899 2332 175
1939 2269 2033 2351 (1)
2087 2266 2227 2334 ὑπὸ
2282 2277 2420 2337 τοῦ
2476 2279 2605 2356 τῆς
2665 2270 2864 2350 γνώ-

1692 2398 1836 2458 μης
1921 2372 2297 2459 ετοίμου,
2385 2379 2502 2441 197
2545 2378 2681 2458 (19)
2765 2403 2863 2444 το

1694 2477 2036 2564 ε’τοιμον
2080 2529 2096 2545 .
2146 2529 2159 2545 .
2208 2529 2222 2545 .
2274 2480 2409 2566 τῆς
2447 2482 2774 2568 γνώμης

1778 2648 1899 2734 190
1941 2673 2031 2747 (1)
2100 2675 2212 2734 καὶ
2283 2666 2863 2754 οἳπαυχενίσαι

1694 2781 2005 2857 ταῦρον

1778 2965 1896 3028 129
1922 2964 2057 3046 (15)
2085 2960 2387 3031 ἐνταῦθα
2418 2958 2720 3033 πωλεῖν
2772 2993 2863 3034 τε

1653 3067 1809 3153 -χρὴ
1834 3064 2420 3136 καὶὦνεῒσθαι
2464 3072 2537 3138 cf.
2574 3076 2691 3138 129
2719 3077 2860 3158 (26)

1780 3471 1898 3532 174
1943 3469 2037 3552 (8)
2081 3472 2433 3559 λαμπρᾷ
2476 3473 2569 3560 τῇ
2611 3481 2856 3563 φωνῇ.

1888 3756 2285 3836 Imagines
2326 3759 2682 3839 priores:

1774 3864 1894 3926 363
1937 3863 2031 3943 (4)
2102 3862 2181 3939 ἐς
2246 3863 2328 3928 τοὶ
2397 3860 2591 3950 ὄργια
2649 3860 2854 3931 ἄπο-

1690 3974 2008 4033 κείσθω
2056 4017 2071 4033 .
2115 4018 2128 4033 .
2177 4018 2193 4034 .
2243 4023 2256 4036 .

1770 4136 1894 4198 294
1938 4136 2048 4217 (2),
2094 4138 2217 4201 370
2258 4138 2394 4219 (17)
2440 4137 2533 4202 τὸ
2577 4133 2725 4215 ἕς’
2702 4135 2858 4204 όνυ-

1684 4268 1808 4325 χας
1854 4234 2049 4326 ἧκον

1764 4412 1884 4474 387
1911 4407 2049 4491 (18)
2095 4410 2386 4492 κοίλην
2405 4405 2857 4493 Ἀρκαδίαν

1684 4515 1955 4581 οἰκοῦσα
