3109 5142
1511 393 1926 459 ...14-

681 568 944 637 Accedit
984 560 1175 637 aliud'
1201 560 1630 638 testimonium
1674 587 1757 635 ex
1800 566 2169 635 Philostrati
2211 564 2292 634 11.
2341 567 2521 650 libro,
2575 569 2682 652 qui
2727 569 2943 654 „vitae

502 676 969 760 sophistarum“
1013 676 1397 757 inscribitur,
1442 676 1726 756 allatum,
1792 675 1870 741 cf.
1931 693 2074 757 pag.
2130 677 2252 742 126
2312 676 2483 759 (31):
2556 681 2776 757 υΠερὶ
2854 675 2936 742 δὲ

511 781 974 867 Φιλοστράτου
1003 788 1311 869 Λημνίου
1341 787 1456 848 καὶ
1497 788 1599 859 τίς
1639 785 1764 867 μὲν
1803 777 1884 849 ἐν
1925 780 2378 869 δικαστηρίοις
2420 776 2458 848 ὃ
2500 774 2664 867 ἃνὴρ
2714 776 2930 860 οὗτος,

502 895 605 966 τίς
646 891 725 956 δὲ
765 885 841 956 ἕν
882 888 1338 976 δημηγορίαις,
1396 895 1498 966 τίς
1547 888 1628 955 δὲ
1684 884 1761 956 ἕν
1799 886 2295 975 συγγράμμαὰι,
2352 893 2454 964 τίς
2495 887 2574 954 δὲ
2614 883 2693 955 ἕν
2734 890 2932 987 μελέ-

502 1019 674 1073 ταις,
723 993 884 1071 ὅσος
928 996 1005 1061 δὲ
1045 990 1122 1062 ἐν
1165 997 1410 1087 σχεδίῳ
1454 994 1628 1085 λόγῳ
1674 1046 1686 1060 .
1736 1045 1751 1060 .
1800 1044 1813 1059 .
1863 1044 1878 1059 .
1926 989 2044 1060 οὗκ
2082 990 2202 1079 ἐμὲ
2247 995 2355 1061 δεῖ
2392 993 2756 1081 γράφειν.“

667 1100 1092 1169 Philostratus
1136 1101 1247 1169 111.
1289 1103 1504 1184 igitur,
1560 1101 1660 1167 cui
1702 1100 1984 1167 Rohdius
2026 1101 2342 1182 Imagines
2383 1100 2767 1182 posteriores
2822 1100 2936 1165 ad-

497 1205 761 1289 Judicat,
807 1206 924 1272 hoc
968 1206 1103 1273 loco
1146 1206 1372 1273 eximia
1414 1206 1604 1273 laude
1646 1212 1909 1289 propter
1953 1205 2308 1272 facundiam
2338 1213 2629 1286 ornatur;
2674 1210 2741 1272 at
2770 1206 2933 1272 Ima-

501 1314 682 1394 gines
743 1312 1128 1395 posteriores
1183 1313 1428 1381 dicendi
1480 1331 1716 1395 genere
1772 1314 1970 1379 multo
2026 1312 2193 1377 infra
2247 1312 2549 1379 orationis
2594 1313 2934 1379 elationem

502 1418 1029 1503 altitudinemque
1086 1426 1239 1486 sunt
1294 1426 1362 1486 et
1414 1419 1477 1484 in
1522 1419 1791 1484 Heroico
1847 1425 1914 1485 et
1952 1419 2017 1483 in
2059 1416 2445 1499 Imaginibus
2504 1417 2928 1501 prioribus

503 1523 880 1606 elucentem,
933 1531 1026 1606 ut,
1084 1526 1242 1592 haec
1298 1526 1352 1591 si
1394 1542 1721 1606 compares
1765 1524 2022 1606 scripta,
2082 1524 2396 1606 Imagines
2435 1524 2930 1607 posteriores

500 1629 671 1698 haud
712 1631 802 1697 ita
844 1631 1169 1698 absolutae
1211 1635 1280 1697 et
1320 1629 1643 1714 perfectae
1689 1648 1830 1696 esse
1873 1629 2226 1696 videantur.

666 1737 1015 1803 Praeterea
1054 1742 1270 1805 autem
1314 1736 1739 1803 Philostratus
1794 1736 1901 1801 ille
1943 1736 2175 1803 tertius
2215 1753 2255 1802 a
2295 1736 2683 1803 Philostrato
2725 1737 2803 1802 II.
2859 1734 2925 1800 in

500 1841 647 1908 vitis
701 1842 1125 1925 sophistarum
1178 1863 1322 1926 pag.
1369 1847 1485 1908 117
1533 1842 1670 1926 (11)
1727 1842 1827 1908 his
1884 1841 2093 1908 verbis
2150 1849 2674 1909 commemoratur
2732 1849 2925 1926 atque

506 1948 925 2015 collaudatur:
980 1951 1469 2040 ,,Φιλοο·τράτῳ
1512 1948 1643 2033 γάρ
1702 1958 1791 2038 τῷ
1832 1955 2108 2040 Λημνίῳ
2154 1999 2169 2016 .
2217 1999 2231 2015 .
2279 1999 2294 2014 .
2340 1948 2462 2017 δύο
2508 1956 2621 2015 καὶ
2679 1950 2928 2016 εἴκοσιν

508 2052 618 2140 ἔτη
675 2054 975 2137 γεγονότι
1032 2050 1563 2142 ἆναρριπτοῦντί
1609 2080 1760 2121 τινα
1815 2052 2257 2139 αὐτοσχέδιον
2299 2104 2313 2121 .
2364 2105 2377 2120 .
2426 2061 2494 2120 .“
2557 2062 2625 2120 et
2695 2054 2925 2121 ibidem

502 2181 646 2247 pag.
694 2167 815 2229 122
871 2164 1036 2248 (19):
1115 2160 1308 2243 »ἀλλ’
1381 2162 1558 2249 ὅμως
1625 2169 1739 2263 aea-b
1807 2163 1974 2249 μετα
2048 2172 2262 2229 ταῦτα
2337 2162 2770 2254 Φιλοστράτῳ
2833 2170 2920 2251 τῷ

498 2275 779 2359 Λημνίῳ
841 2271 1270 2356 λειτουργιῶν
1337 2266 1651 2336 ἀτέλειαν
1710 2266 1828 2335 ἐπὶ
1891 2271 2125 2360 μελέτῃ
2186 2267 2573 2358 ἑψηφίσατο
2641 2273 2921 2351 τέτταρα

497 2387 612 2441 καὶ
653 2376 906 2441 εἴκοσιν
944 2374 1054 2461 ἔτη
1101 2373 1402 2457 γεγονότι
1449 2424 1463 2438 .
1510 2423 1525 2438 .
1575 2423 1588 2437 .

551 2516 560 2525 ·
663 2482 826 2546 Eum
869 2481 1082 2563 igitur,
1125 2481 1231 2563 qui
1273 2498 1312 2544 a
1356 2479 1744 2546 Philostrato
1777 2480 1853 2546 II.
1895 2479 1993 2546 his
2039 2481 2232 2547 tantis
2278 2481 2581 2547 efferatur
2608 2480 2916 2557 laudibuS‚

493 2589 599 2670 qui
640 2594 1047 2670 praematuro
1089 2587 1339 2669 ingenio
1379 2585 1709 2668 praeditus
1737 2586 1919 2652 XXII
1963 2605 2267 2654 annorum
2311 2587 2683 2654 adulescens
2710 2585 2917 2668 Olym-

491 2694 636 2775 piae
691 2694 754 2758 in
810 2692 1060 2776 publico
1117 2691 1412 2759 habuerit
1452 2693 1803 2759 orationem
1855 2691 2127 2759 subitam
2183 2701 2250 2759 et
2304 2694 2651 2772 fortuitam,
2694 2694 2799 2775 qui
2841 2690 2919 2757 ab

494 2788 878 2882 imperatore
933 2798 1260 2867 Caracalla
1313 2803 1575 2881 propter
1633 2798 2118 2866 declamationes
2173 2807 2434 2881 praeter
2485 2806 2731 2866 ceteros
2785 2805 2916 2865 tum

493 2906 811 2989 sophistas
871 2906 1271 2971 immunitate
1334 2904 1421 2970 sit
1483 2904 1755 2970 donatus
1817 2904 2038 2985 viginti
2100 2911 2402 2987 quattuor
2457 2913 2645 2971 natus
2705 2923 2915 2983 annos,

498 3030 640 3078 eum
704 3010 1006 3093 profectu,
1070 3009 1385 3091 Imagines
1445 3010 1830 3091 posteriores
1883 3009 1937 3075 si
1992 3010 2369 3091 scripsisset,
2429 3011 2730 3076 maiorem
2783 3028 2917 3075 ora-

492 3117 685 3183 tionis
731 3115 1109 3197 elegantiam
1152 3152 1236 3163 ——
1280 3133 1406 3197 qua
1466 3114 1718 3197 quidem
1761 3114 2068 3181 Heroicus
2134 3122 2234 3182 est
2297 3116 2556 3197 insignis
2601 3153 2684 3162 —
2726 3116 2916 3181 fuisse

494 3221 935 3302 exhibiturum,
978 3240 1182 3287 nonne
1226 3228 1327 3288 est
1370 3221 1758 3287 verisimile?

662 3329 885 3411 Itaque
926 3347 1047 3395 non
1076 3334 1253 3394 recte
1283 3327 1595 3394 Rohdium
1630 3326 1918 3410 judicare
1949 3328 2239 3410 equidem
2271 3347 2515 3407 censeo,
2561 3346 2701 3394 cum
2732 3328 2916 3407 dicat,

497 3434 650 3499 nihil
714 3435 1040 3517 impedire,
1106 3434 1436 3524 quominus
1478 3434 1792 3515 Imagines
1853 3433 2002 3500 illae
2064 3434 2516 3515 intellegantur
2572 3433 2920 3516 „Imagines

490 3540 939 3622 posteriores“,
1006 3546 1345 3621 utrumque
1409 3539 1574 3604 enim
1640 3547 1962 3606 auctorem
2026 3547 2092 3607 et
2135 3539 2549 3606 Menandrum
2598 3540 2915 3607 rhetorem

496 3653 564 3713 et
609 3647 1091 3728 epitomatorem
1136 3663 1513 3727 anonymum
1557 3643 1846 3727 ambigue
1890 3645 2100 3711 dicere
2143 3646 2223 3711 de
2266 3645 2664 3727 Imaginibus

663 3752 838 3829 Quae
881 3751 935 3817 si
991 3751 1090 3817 cui
1154 3750 1430 3817 nondum
1490 3751 1649 3817 satis
1710 3751 2114 3833 comprobata
2177 3771 2317 3818 esse
2381 3751 2732 3833 videantur,
2787 3753 2915 3835 jam

494 3857 792 3924 nonnulla
834 3858 1208 3933 documenta
1253 3877 1337 3924 ex
1380 3857 1627 3923 dicendi
1669 3876 1904 3939 genere
1951 3858 2154 3939 petita
2193 3857 2474 3939 afferam,
2521 3858 2686 3924 unde
2727 3876 2915 3940 appa-

493 3971 637 4031 reat
677 3982 793 4045 per
836 3964 1143 4031 sermonis
1183 3983 1384 4046 genus
1428 3983 1550 4030 non
1594 3964 1787 4030 licere
1817 3964 2154 4031 Heroicum
2198 3970 2266 4030 et
2295 3965 2606 4046 Imagines
2651 3970 2915 4048 poste-

491 4073 660 4139 rior
678 4090 757 4138 es
799 4091 925 4138 una
967 4071 1320 4139 attribuere
1364 4072 1753 4139 Philostrato
1797 4073 1909 4139 III.

660 4178 822 4243 Nam
867 4195 1096 4259 magna
1133 4179 1197 4243 in
1241 4177 1650 4245 similitudine
1692 4176 2027 4243 verborum
2068 4164 2219 4243 usus
2259 4214 2343 4225 —
2382 4178 2516 4260 ipse
2565 4178 2733 4244 enim
2775 4175 2916 4243 Phi-

493 4284 798 4351 lostratus
838 4284 1050 4366 junior
1091 4283 1156 4348 in
1203 4283 1598 4366 praefatione
1615 4283 1667 4367 ¹)
1708 4282 2057 4363 Imaginum
2098 4283 2518 4364 posteriorum
2561 4283 2913 4365 profitetur,

638 4497 696 4570 1)
734 4513 864 4573 pag.
900 4497 1010 4554 390
1046 4498 1103 4571 (9
1143 4540 1155 4552 .
1195 4538 1208 4554 .
1247 4496 1285 4567 .)
1342 4493 1724 4554 ὶσποῦδασταί
1775 4516 1861 4559 τις
1907 4500 2189 4573 γραφικῆς
2224 4502 2405 4572 ἔργων
2439 4503 2712 4574 ἔκφρασις
2749 4495 2914 4571 τώμῷ
